3023 4942
495 361 629 426 366
1066 382 1292 431 snx‘rr
1340 384 1663 435 Αυιηωι
1712 386 2065 438 vrcroms

494 520 757 586 chanali
784 521 1098 590 Liberum
1130 547 1206 593 se
1235 533 1604 597 asserebat.
1691 532 1756 596 6.
1803 533 1910 598 De
1939 554 2076 619 quo
2107 536 2360 614 nescio,
2380 559 2464 603 an
2498 540 2691 608 decu-

496 622 624 686 erit
651 627 987 691 memoriae
1028 630 1244 712 prodi,
1295 633 1430 697 nisi
1469 634 1661 713 forte,
1704 635 1867 719 quia
1904 636 2108 720 juvat
2151 639 2236 704 de
2280 641 2691 725 principibus

491 743 694 788 nosse
722 729 974 807 omnia,
1007 739 1082 797 ut
1112 733 1400 817 improbi
1428 737 1669 802 saltem
1696 738 1897 804 famae
1929 746 2108 804 metu
2138 742 2306 808 talia
2335 743 2692 810 declinent.

458 825 556 890 7.
602 825 684 889 In
712 828 975 912 palatio
1020 843 1362 901 matronas
1410 838 1669 903 nobiles
1714 840 2015 925 publicae
2067 842 2332 909 libidini
2377 846 2692 929 subjecit.

490 927 557 993 8.
585 928 854 996 Primus
886 935 1266 1003 diademate
1288 947 1315 976 ⁸
1343 942 1688 1024 imposito,
1723 942 2088 1010 Dominum
2111 966 2188 1010 se
2210 946 2429 1031 jussit
2454 950 2693 1032 appel-

488 1028 638 1094 lari.
726 1033 794 1096 9.-
837 1034 923 1098 In
952 1041 1408 1121 spatiotrium
1439 1044 1798 1123 millium,¹¹¹
1827 1048 2005 1130 quod
2031 1048 2104 1112 in
2133 1050 2284 1114 sinu
2314 1050 2692 1116 Puteolano

489 1131 655 1197 inter
706 1138 912 1202 moles
948 1139 1160 1223 jacet,
1214 1144 1467 1227 duplici
1514 1147 1744 1211 ordine
1778 1168 1985 1214 naves
2035 1159 2428 1230 contexens,
2471 1172 2692 1219 arenae

489 1243 765 1317 aggestu
795 1240 880 1304 ad
912 1247 1101 1310 terrae
1131 1248 1430 1329 speciem
1469 1249 1652 1313 viam
1684 1248 2067 1329 solidatam,
2097 1252 2448 1336 phalerato
2492 1275 2688 1338 equo,

486 1339 768 1424 insignis
819 1365 1111 1430 quernea
1148 1368 1422 1428 corona,
1465 1353 1661 1434 quasi
1696 1354 2117 1439 triumphans
2167 1356 2439 1423 indutus
2485 1378 2689 1424 aureo

483 1436 968 1524 paludamento
1004 1470 1196 1514 curru
1235 1452 1460 1536 bijugo
1493 1454 1893 1522 decucurrit.
1979 1457 2092 1522 10.
2138 1458 2401 1525 Dehinc
2445 1481 2489 1525 a
2518 1462 2688 1527 mili-

484 1543 661 1610 tibus
679 1554 708 1582 ¹²
733 1548 1087 1618 confossus
1118 1555 1388 1621 interiit.

1371 1721 1748 1743 ΟΜΝΜΝΟ

480 1814 639 1857 vocat
659 1808 937 1861 Sueton.c.
960 1818 1042 1864 37.
1107 1817 1427 1877 Veronensis
1451 1836 1578 1870 vero
1602 1823 1677 1871 sic
1715 1828 1876 1872 totum
1912 1821 2049 1872 hune
2086 1822 2255 1871 locum
2287 1822 2435 1886 legit.
2473 1824 2688 1875 Iudaeas

478 1885 530 1919 se
547 1872 715 1922 habitu
737 1875 952 1927 Deorum
973 1895 1164 1931 suorum
1180 1885 1347 1934 Jovem
1370 1886 1427 1934 ob
1450 1886 1699 1949 incestum,
1720 1887 1859 1935 choro
1885 1886 2212 1936 bacchantium
2237 1888 2468 1937 Liberam
2489 1905 2541 1938 se
2561 1906 2686 1940 asse·

477 1937 601 1984 ruit.
634 1939 802 1989 Porro
817 1950 989 1992 autem
1007 1946 1303 2010 xiphilinus
1321 1962 1505 2001 auctor
1527 1960 1610 2001 est
1627 1951 1858 2007 finxisse,
1883 1966 1989 2000 rem
2016 1967 2070 2000 se
2090 1967 2207 2001 cum
2230 1953 2377 2002 Luna
2399 1954 2687 2005 habuisse-⁹

477 1999 666 2051 Schott.
731 2005 1204 2070 ‘Praepositionem
1229 2031 1255 2064 e
1290 2017 1487 2065 omittit
1534 2015 1709 2067 Guelf.
1747 2025 1803 2066 et
1844 2017 1995 2066 Leid.
2020 2023 2066 2067 1.
2134 2018 2380 2066 Proxime
2415 2019 2479 2068 ad
2520 2020 2683 2069 Vine-

479 2071 589 2114 tum
624 2071 832 2120 accedit
856 2073 1003 2124 Leid.
1028 2082 1078 2126 2.
1115 2078 1256 2129 Inter
1278 2087 1535 2137 matronas,
1565 2082 1706 2131 choro
1748 2089 1909 2130 autem
1948 2082 2221 2132 bacchanali
2241 2082 2470 2133 Liberam
2500 2099 2605 2134 sees
2633 2101 2684 2135 sc

475 2133 743 2183 asserebat.-
777 2137 866 2185 sed
897 2140 1016 2188 vide
1042 2156 1158 2203 quae
1182 2145 1401 2194 diximus
1440 2147 1668 2195 breviter
1708 2161 1869 2210 supra
1903 2147 1968 2195 ad
2011 2148 2246 2197 Caesares
2283 2163 2400 2211 cap.
2440 2153 2489 2198 3.
2520 2151 2549 2212 ξ
2579 2149 2681 2201 10.’

473 2195 746 2248 ,Arum—8
778 2201 1067 2257 Diademate
1088 2211 1239 2270 capiti
1260 2211 1376 2271 imp.
1410 2212 1617 2261 Schott.
1641 2211 1837 2261 Gaesb.
1863 2211 2052 2273 Delph.
2072 2212 2255 2263 Pitisc.
2277 2214 2453 2263 invitis
2478 2214 2602 2263 libb.
2625 2220 2684 2264 et

475 2274 562 2322 ap.
585 2261 792 2314 Schott.
810 2276 864 2316 et
884 2270 1269 2332 ap.Arntz.-9
1292 2277 1377 2324 ‘In
1397 2280 1571 2339 spatio.
1620 2276 1670 2327 A
1689 2278 1940 2328 Suetonio
1960 2283 2061 2340 est,
2077 2292 2143 2325 ex
2159 2293 2263 2342 quo
2286 2278 2431 2328 locus
2454 2279 2536 2328 hic
2560 2280 2683 2342 quia

474 2324 700 2384 laborat,
723 2332 927 2382 medica
949 2350 1102 2384 mann
1140 2343 1407 2401 persanari
1443 2347 1635 2403 potest.
1706 2341 1899 2391 Natum
1942 2348 2119 2391 autem
2159 2345 2399 2392 mendum
2436 2343 2682 2405 conjicio,

473 2391 613 2453 quod
632 2396 899 2458 scripserit
916 2410 1208 2452 racemator
1221 2405 1428 2466 insignis
1439 2421 1638 2470 quercea
1652 2407 1707 2470 [q
1716 2407 1815 2454 uod
1832 2407 2242 2456 Schott.Gaesb.
2256 2408 2443 2474 Delph.
2461 2409 2680 2474 Pitise.]

473 2454 747 2520 imperitus
769 2461 1009 2515 librarius
1052 2467 1180 2518 fecit
1208 2470 1503 2535 insignisque
1540 2487 1695 2521 oerea:
1731 2471 1896 2535 [qnod
1930 2471 2052 2522 Ald.
2088 2488 2207 2522 cum
2241 2474 2371 2523 libb.
2404 2474 2559 2536 vett-J
2593 2474 2679 2524 hic

470 2519 654 2584 igitur,
699 2526 741 2574 si
782 2542 898 2578 meo
943 2531 1197 2582 arbitratu
1235 2551 1313 2583 res
1336 2546 1541 2600 agatur,
1586 2537 1861 2599 legendum
1901 2538 2036 2587 hunc
2070 2538 2244 2587 locum
2281 2539 2459 2601 paucis
2483 2539 2678 2591 additis

470 2585 863 2655 immutatisque
885 2610 1090 2658 censeo,
1121 2601 1392 2665 solidatam,
1421 2602 1520 2665 ξε)
1553 2602 1759 2652 Schott.
1825 2603 1964 2651 Vide
1990 2603 2117 2654 Not.
2141 2604 2330 2667 Delph.
2399 2604 2580 2654 ‘Mira
2593 2613 2679 2655 est

472 2655 791 2713 conspiratio
815 2658 951 2709 inter
973 2676 1148 2711 omnes
1170 2667 1304 2715 Mss.
1328 2675 1383 2715 et
1405 2666 1527 2716 edd.
1554 2668 1604 2726 in
1625 2681 1776 2716 voces
1797 2667 2096 2732 insignisque
2115 2683 2273 2725 cerea:
2302 2668 2440 2718 unde
2475 2670 2525 2718 in
2561 2685 2677 2721 eam

470 2714 631 2767 incidi
657 2721 976 2784 opinionem,
1003 2728 1234 2788 potuisse
1259 2738 1313 2778 et
1338 2732 1504 2794 ipsum
1522 2733 1787 2782 Victorem
1811 2733 1908 2782 hoc
1930 2734 2046 2781 loco
2070 2742 2305 2782 secutum
2325 2748 2440 2784 esse
2462 2749 2678 2798 corrup·

472 2785 582 2830 tum
616 2783 854 2837 Suetonii
888 2791 1157 2842 codicem.'
1203 2795 1375 2845 Arntz.
1461 2797 1593 2847 Tum
1637 2797 1790 2861 bijugi
1827 2795 1953 2849 And.
1995 2798 2196 2850 Schott.
2232 2798 2429 2850 Gaesb.
2483 2801 2678 2867 Delph-

467 2844 656 2898 Pitisc.

485 2925 493 2930 ’
1458 2940 1687 2991 ΝΟΤΙΕ

529 3032 552 3059 2
603 3028 805 3079 Primus
843 3032 1131 3098 diademate]
1188 3037 1407 3087 Sueton.
1453 3044 1533 3088 ta·
1606 3039 1767 3089 biduo
1796 3041 2117 3105 continenti3
2162 3042 2327 3105 primo
2367 3037 2455 3091 die
2492 3042 2671 3105 phale·

464 3116 583 3153 meu
624 3106 676 3154 id
715 3114 916 3160 tantum
957 3112 1180 3161 voluisse
1226 3114 1536 3178 Caligulam,
1604 3126 1721 3168 rato
1757 3134 1912 3184 equo,
1948 3120 2265 3185 insignisque
2304 3121 2553 3183 quercina
2586 3137 2672 3172 co·

465 3178 559 3228 sed
602 3181 667 3230 ab
713 3184 890 3235 amicis
937 3187 1267 3239 deterritum.
1334 3191 1404 3241 Et
1455 3192 1533 3242 sic
1603 3212 1752 3257 rona,
1791 3204 1847 3247 et
1889 3198 2082 3262 securi,
2120 3204 2175 3247 et
2202 3204 2384 3260 caetra,
2412 3206 2466 3248 et
2498 3199 2670 3263 gladio

463 3266 623 3317 supra
648 3257 849 3309 Victor.
1601 3287 1864 3337 aureaque
1895 3273 2201 3338 chlamyde;
2254 3274 2509 3337 postridie
2545 3290 2671 3339 qua-

526 3338 565 3364 ¹¹²
599 3333 662 3381 In
682 3336 834 3399 spatio
868 3339 1016 3388 trium
1051 3342 1276 3407 millium]
1312 3343 1529 3397 Sueton.
1602 3348 1835 3412 drigario
1870 3350 2066 3407 habitu,
2110 3350 2474 3415 curriculoque
2508 3352 2668 3417 bijugi

461 3419 580 3473 cap.
603 3414 684 3460 19.
715 3417 730 3440 ⁴
756 3414 996 3465 Baiarum
1027 3419 1253 3469 medium
1285 3421 1529 3471 interval·
1600 3424 1912 3475 famosorum
1987 3425 2271 3491 equorum,’
2341 3428 2442 3476 &c.
2530 3428 2667 3477 unde

459 3485 567 3536 lum
592 3487 907 3538 Puteolanas
938 3492 1002 3540 ad
1025 3495 1206 3551 moles,
1231 3498 1382 3546 trium
1414 3499 1527 3548 mil·
1600 3501 1849 3551 Schottus
1888 3516 2060 3564 voces,
2084 3517 2201 3566 quae
2243 3502 2382 3565 apud
2413 3504 2664 3553 Nostrum

458 3561 586 3610 lium
609 3572 664 3612 et
698 3573 1062 3616 sexcentorum
1099 3568 1214 3621 fere
1258 3588 1525 3638 passuum,
1597 3576 1807 3638 desunt,
1835 3578 1911 3627 sic
1945 3578 2191 3642 supplet:
2234 3578 2375 3629 Viam
2394 3580 2665 3644 solidatam,

459 3646 622 3701 ponte
657 3643 942 3707 conjunxit,
975 3650 1259 3699 contractis
1291 3652 1522 3717 undique
1588 3654 1744 3716 primo
1760 3652 1839 3703 die
1849 3653 2095 3716 phalerato
2110 3669 2223 3717 equo
2242 3654 2450 3716 insignis
2471 3671 2664 3718 quercea

459 3719 712 3767 onerariis
752 3722 990 3786 navibus,
1032 3732 1086 3775 et
1124 3727 1308 3777 ordine
1350 3730 1522 3791 dupli·
1590 3745 1763 3779 corona
1796 3730 1934 3793 quasi
1967 3730 2287 3794 triumphans:
2325 3734 2560 3796 postridie
2587 3734 2659 3782 in-

459 3792 510 3841 ci
546 3793 611 3841 ad
647 3796 897 3847 anchoras
929 3800 1220 3865 collocatis,
1255 3806 1519 3869 superjec·
1590 3809 1735 3857 dutus
1761 3822 1903 3859 aureo
1931 3810 2283 3872 paludamento,
2324 3826 2469 3861 curru
2505 3812 2659 3875 biiugi

459 3873 619 3932 toque
676 3885 868 3934 aggere
921 3881 1152 3939 terreno,
1207 3894 1268 3929 ac
1318 3882 1521 3932 directo
1591 3886 1875 3936 decucurrit.

456 3943 513 3993 in
549 3944 736 4009 Appiae
777 3948 875 3998 viae
929 3949 1187 4001 formam:
1244 3970 1339 4019 per
1383 3958 1522 4009 hune
1657 3970 1683 3997 ¹¹
1709 3962 1754 4011 Δ
1779 3960 2033 4027 militibus]
2065 3962 2211 4014 Duce
2233 3962 2465 4017 Chaerea.

455 4030 668 4086 pontem
713 4025 849 4076 ultro
901 4029 1137 4095 citroque
1196 4037 1526 4095 commeavit,
