3023 4942
507 663 960 860 sE'XT1
1046 692 1647 867 AURELH
1689 828 1694 835 -
1744 688 2425 875 vlcTolzis

571 1083 1032 1181 ORIGO
1098 1095 1620 1190 GENTIS
1696 1098 2364 1192 ROMANAE.

1146 1689 1151 1693 ·
1184 1641 1410 1713 PRAE
1422 1647 1735 1715 FATIO..

451 1814 517 1880 A
538 1810 745 1882 JANO
766 1827 831 1885 et
853 1820 1139 1886 Saturno
1170 1825 1662 1906 conditoribuS,
1685 1847 1805 1911 per
1824 1829 2273 1917 succedentes
2288 1832 2568 1900 sibimet

359 1932 573 2002 reges,
604 1942 823 2006 usque
867 1923 956 1986 ad
1003 1928 1427 1992 consulatum
1457 1929 1793 1995 decimum
1822 1930 2255 2021 constantii:
2300 1934 2566 2019 digesta

359 2040 451 2084 ex¹
492 2024 885 2088 auctoribus
926 2025 1168 2092 Verrio
1217 2030 1495 2110 Flacco,
1526 2031 1807 2099 Antiate
1828 2042 1847 2072 ¹
1870 2032 1896 2070 b
1927 2033 2037 2120 (ut
2075 2036 2343 2119 quidem
2388 2037 2565 2103 idem

359 2118 640 2188 Verrius
688 2126 962 2191 maluit⁰
1010 2128 1260 2211 dicere,
1303 2153 1503 2216 quam
1552 2133 1820 2220 Antia,)
1863 2142 2006 2201 tum
2052 2156 2142 2201 ex
2183 2134 2565 2204 Annalibus

1278 2282 1640 2306 OHOOW‘O

421 2373 450 2417 1
474 2371 648 2421 Flacco
685 2375 898 2426 Andiate
923 2376 1188 2435 Schottusj
1218 2381 1589 2434 Gaesbeeckii.
1655 2384 2007 2435 Distinctione
2031 2392 2149 2448 post
2176 2387 2347 2436 macco
2376 2395 2578 2439 carent·

356 2434 515 2485 etiam
550 2436 778 2488 Pitiscus
811 2448 864 2490 et
897 2442 1088 2507 Delph.
1157 2446 1292 2497 Vide
1316 2458 1426 2499 not.
1451 2449 1546 2499 inf.
1611 2449 1702 2500 ‘Si
1742 2449 1929 2500 mendo
1969 2461 2118 2501 earet
2157 2452 2320 2516 loeus,
2352 2453 2563 2503 ‘Verrii

356 2499 536 2550 Flacci
558 2501 572 2523 ’
595 2504 887 2565 pati-isfuit
909 2508 1143 2559 Antium.
1204 2512 1316 2563 Sed
1347 2530 1465 2564 cum
1490 2516 1771 2565 Suetonius
1795 2516 1847 2564 in
1870 2514 1984 2578 ejus
2018 2518 2124 2566 vite
2146 2519 2337 2566 nullam
2370 2521 2560 2580 petriae

354 2566 673 2617 mentionem
698 2568 889 2633 faciat3
927 2587 1022 2623 nec
1043 2576 1132 2624 elii
1191 2592 1361 2642 uoqne
1394 2581 1477 2629 vel
1511 2581 1745 2630 historici
1772 2582 1855 2629 vel
1879 2582 2232 2643 grammatici3
2263 2583 2427 2659 (quod
2462 2599 2561 2646 ego

393 2630 566 2680 uidem
589 2633 774 2697 sciam)
790 2651 892 2685 non
912 2638 1135 2689 absurde
1184 2657 1334 2693 orsau
1353 2645 1535 2709 aliquis
1555 2646 1828 2709 legendum
1845 2646 2159 2696 existimarit
2186 2647 2355 2697 Verno
2375 2649 2561 2706 Flacco,

408 2694 557 2745 alerio
577 2698 810 2749 Antiatet
846 2716 966 2751 nam
989 2706 1005 2733 ‘
1031 2706 1227 2756 Valerii
1251 2707 1483 2760 Antiatis
1504 2710 1519 2732 ’
1538 2712 1724 2760 'crebra
1744 2710 1806 2759 fit
1826 2712 2043 2772 mentio,
2063 2727 2166 2761 non
2190 2721 2392 2761 tanturn
2407 2717 2559 2789 ‚apud

354 2760 483 2810 alios
506 2777 623 2812 cum
648 2763 864 2816 Latinos
879 2776 987 2817 tum
1010 2768 1231 2823 Graecos
1253 2774 1557 2838 scriptores,
1577 2775 1671 2825 sed
1694 2776 1853 2826 etiam
1876 2776 1928 2826 in
1952 2777 2049 2826 hoe
2071 2778 2187 2842 ipso
2208 2777 2384 2827 libello
2406 2778 2559 2839 infra,

1339 2901 1563 2952 NOTAE
1615 2921 1621 2932 ·

411 2976 442 3003 ⁸
482 2970 642 3034 Usque
681 2976 773 3023 ‘ad
827 2979 1121 3028 consulatum
1184 2982 1414 3031 decimum

355 3046 544 3109 const-J
566 3048 710 3111 Ergo
732 3050 915 3101 titulus
937 3054 1039 3103 iste
1054 3069 1154 3105 non
1178 3059 1412 3119 pertinet

348 3126 550 3170 tantum
577 3124 641 3172 ad
674 3125 812 3175 hunc
844 3127 1076 3180 libellum
1108 3134 1193 3196 qui
1227 3133 1410 3184 inscri-

348 3196 492 3267 bitur
526 3201 542 3228 ‘
569 3200 734 3264 Origo
769 3203 959 3254 Gentis
998 3207 1280 3274 Romanae,’
1315 3210 1406 3260 sed

347 3274 506 3323 etism
531 3276 596 3324 ad
615 3277 743 3326 duos
766 3279 880 3329 illos
893 3291 1172 3345 sequentes
1195 3286 1284 3348 qui
1306 3286 1408 3336 ‘de

347 3347 483 3397 Viris
507 3350 844 3412 IllustribnS,’
871 3362 929 3406 et
950 3358 1015 3406 de
1042 3357 1058 3386 '‘
1074 3360 1374 3411 Caesaribus
1390 3361 1408 3385 '

344 3424 586 3490 inscripti
642 3437 781 3479 sunt.
864 3433 1100 3484 Quorum
1146 3439 1408 3498 posterior

343 3504 509 3565 usque
530 3504 596 3552 ad
627 3507 947 3556 consulatum
981 3510 1235 3561 decimum
1273 3515 1405 3564 Con·

341 3578 525 3626 stantii
566 3579 812 3643 Augusti,
854 3589 909 3633 et
944 3584 1137 3635 Julisni
1177 3590 1403 3639 ‘Caesaris

340 3655 558 3705 tertium
624 3659 943 3720 perduciturL
1017 3664 1173 3714 Unde
1235 3668 1401 3731 liquet

251 3784 255 3787 ‚
339 3736 582 3793 quartum
619 3733 763 3783 illum
801 3738 816 3765 ‘
842 3737 908 3786 de
943 3739 1052 3789 vite
1082 3749 1138 3790 et
1172 3744 1400 3794 moribus

339 3806 724 3870 Imperatorum
740 3812 1126 3881 Romanorum,'
1140 3821 1227 3883 qui
1245 3829 1259 3851 ⁴
1274 3823 1399 3886 Epi·

337 3879 506 3932 tomes
529 3883 547 3907 '
574 3888 786 3936 nomine
805 3889 1187 3957 circumfertur,
1208 3895 1274 3944 ab
1296 3898 1401 3947 alio

337 3957 558 4010 Victore
581 3963 830 4026 scripturn
863 3964 1046 4031 fuisse,
1077 3970 1275 4035 quippe
1310 3974 1399 4038 qui

335 4031 402 4090 in,
417 4036 694 4089 Theodosii
723 4047 893 4091 morte
915 4042 1138 4096 desinet.
1201 4048 1306 4098 Sed
1330 4050 1397 4101 de

335 4106 432 4159 hoc
457 4118 639 4174 postes
660 4112 882 4174 dicetur,
903 4119 1109 4169 cum-sd
1133 4134 1251 4171 eum
1274 4138 1396 4173 ven·

338 4188 447 4233 tum
469 4187 591 4237 erit.

406 4259 430 4294 ¹²
467 4261 657 4315 Verrio·
692 4267 884 4335 ffloco,
937 4265 1161 4323 Antiate‘
1182 4274 1396 4339 [Verrio

1494 2985 1665 3036 Flacco
1709 2986 1938 3049 Antion]
1986 2986 2123 3038 Quid
2144 3004 2159 3035 x
2199 2995 2269 3036 'an
2317 2986 2568 3037 Verrium-

1490 3062 1761 3112 Antiatem
1778 3063 1970 3112 vocat?
2004 3062 2207 3111 dubito.
2266 3062 2454 3125 Neque
2473 3077 2566 3111 sa·-

1492 3124 1561 3187 tis
1604 3139 1770 3203 liquet
1816 3139 2091 3189 Antias-ne
2128 3137 2296 3188 fuerit·
2321 3138 2555 3187 Verrius.

1488 3214 1684 3264 Forsan
1737 3216 1815 3264 sie
1866 3214 2285 3279 distinguendum
2306 3230 2320 3262 ε
2384 3213 2557 3264 Verrio

1490 3289 1686 3351 Flacco,
1705 3288 1928 3339 Antiate.
1983 3289 2070 3338 Ita
2091 3297 2149 3338 ut
2170 3302 2265 3352 per
2284 3288 2568 3339 Antiatem·

1488 3365 1555 3417 Q.
1580 3369 1820 3417 Valerius
1849 3368 2218 3431 intelligendus
2242 3369 2311 3418 sit
2329 3369 2416 3432 qui
2440 3369 2551 3418 An·

1483 3444 1585 3492 tias
1608 3443 1729 3509 fuit,
1746 3453 1804 3495 et
1824 3440 2057 3493 Annaies
2083 3445 2310 3509 reliquit,
2332 3461 2564 3509 quorum.

1464 3511 1465 3514 ’
1487 3519 1579 3568 lib.
1606 3534 1805 3570 Lxxxv.
1826 3522 1955 3570 citat
1978 3520 2276 3570 Priscianus
2301 3523 2353 3570 iu
2392 3536 2476 3573 11.-
2496 3529 2562 3573 et-

1485 3608 1659 3644 Lxxv.
1725 3596 1923 3645 Gellius
1955 3605 2059 3644 vn.
2076 3600 2127 3645 9.
2160 3610 2225 3648 ex
2250 3611 2354 3661 quo
2388 3596 2566 3648 etiam-

1481 3671 1650 3719 multa
1671 3671 1865 3720 Livius.

1547 3755 1569 3781 ο
1608 3748 1679 3795 Ut
1730 3749 1917 3811 quidem
1977 3749 2103 3798 idem
2165 3749 2305 3800 Verr.
2352 3749 2550 3811 naluit]

1483 3823 1705 3872 Verrius
1728 3824 1977 3873 Antiatem
1993 3825 2172 3896 meluit
2196 3824 2371 3874 dicere
2394 3839 2562 3889 quam·

1481 3897 1716 3948 Antiamt
1755 3900 1948 3949 utinam
1988 3902 2051 3950 sd
2089 3916 2184 3951 nos
2222 3903 2560 3964 pervenisset:
2631 3913 2632 3916 ’

1479 3976 1627 4026 locus
1650 3978 1740 4027 ille
1762 3977 1937 4027 Verrii
1961 3978 2050 4028 ubi
2083 3978 2153 4029 de
2186 3981 2285 4028 hoe
2308 3977 2545 4043 disputa·

1477 4052 1605 4102 bat:
1645 4054 1966 4119 nequeenim
1992 4053 2129 4118 apud
2147 4056 2306 4105 ulium
2329 4070 2560 4121 usquam·

1477 4129 1791 4193 scriptorem
1816 4144 1901 4179 me
1922 4131 2203 4195 Antiana,
2225 4131 2417 4195 legisse
2437 4147 2544 4183 me·

1477 4204 1624 4261 mini,
1666 4205 1760 4255 sed
1803 4220 2015 4269 semper
2062 4206 2261 4269 Antias,
2303 4205 2544 4256 Antiatis.

1479 4279 1600 4330 Livt·
1615 4285 1676 4330 et
1696 4281 1764 4332 si.
1779 4279 1845 4332 ab
1870 4288 1885 4311 ‘
1899 4280 2159 4345 Antium:
2175 4296 2292 4347 quoe
2313 4281 2437 4332 urbs
2461 4289 2543 4333 est
