<?xml version="1.0" encoding="UTF-8"?>
<!DOCTYPE html PUBLIC "-//W3C//DTD XHTML 1.0 Transitional//EN"
    "http://www.w3.org/TR/xhtml1/DTD/xhtml1-transitional.dtd">
<html xmlns="http://www.w3.org/1999/xhtml" xml:lang="en" lang="en">
 <head>
  <title>
</title>
<meta http-equiv="Content-Type" content="text/html;charset=utf-8" />
  <meta name='ocr-system' content='tesseract 3.04.00' />
  <meta name='ocr-capabilities' content='ocr_page ocr_carea ocr_par ocr_line ocrx_word'/>
</head>
<body>
  <div class='ocr_page' id='page_1' title='image "./historiaromanav00victgoog_0092.png"; bbox 0 0 3023 4942; ppageno 0'>
   <div class='ocr_carea' id='block_1_1' title="bbox 504 384 591 450">
    <p class='ocr_par' dir='ltr' id='par_1_1' title="bbox 504 384 591 450">
     <span class='ocr_line' id='line_1_1' title="bbox 504 384 591 450; baseline -0.034 0"><span class='ocrx_word' id='word_1_1' title='bbox 504 384 591 450; x_wconf 79' lang='lat'><strong>82</strong></span> 
     </span>
    </p>
   </div>
   <div class='ocr_carea' id='block_1_2' title="bbox 475 539 2719 1239">
    <p class='ocr_par' dir='ltr' id='par_1_2' title="bbox 475 539 2719 1239">
     <span class='ocr_line' id='line_1_2' title="bbox 475 539 2719 627; baseline -0.001 -19"><span class='ocrx_word' id='word_1_2' title='bbox 475 605 477 608; x_wconf 11' lang='grc' dir='ltr'><em>Α</em></span> <span class='ocrx_word' id='word_1_3' title='bbox 506 544 669 627; x_wconf 89' lang='lat' dir='ltr'><strong>quia</strong></span> <span class='ocrx_word' id='word_1_4' title='bbox 698 542 977 607; x_wconf 83' lang='lat' dir='ltr'>feliciter</span> <span class='ocrx_word' id='word_1_5' title='bbox 1006 547 1372 616; x_wconf 84' lang='lat' dir='ltr'><strong>cesserunt,</strong></span> <span class='ocrx_word' id='word_1_6' title='bbox 1407 541 1784 604; x_wconf 84' lang='lat' dir='ltr'><strong>institutum</strong></span> <span class='ocrx_word' id='word_1_7' title='bbox 1815 546 1947 614; x_wconf 87' lang='lat' dir='ltr'><strong>est,</strong></span> <span class='ocrx_word' id='word_1_8' title='bbox 1989 546 2066 607; x_wconf 87' lang='lat' dir='ltr'><strong>ut</strong></span> <span class='ocrx_word' id='word_1_9' title='bbox 2105 539 2417 603; x_wconf 89' lang='lat' dir='ltr'><strong>omnibus</strong></span> <span class='ocrx_word' id='word_1_10' title='bbox 2469 541 2719 624; x_wconf 85' lang='lat' dir='ltr'><strong>nuptiis</strong></span> 
     </span>
     <span class='ocr_line' id='line_1_3' title="bbox 506 633 2716 709; baseline -0.001 0"><span class='ocrx_word' id='word_1_11' title='bbox 506 646 809 709; x_wconf 85' lang='lat' dir='ltr'><strong>Talassii</strong></span> <span class='ocrx_word' id='word_1_12' title='bbox 856 664 1097 707; x_wconf 88' lang='lat' dir='ltr'><strong>nomen</strong></span> <span class='ocrx_word' id='word_1_13' title='bbox 1139 633 1624 707; x_wconf 77' lang='lat' dir='ltr'><strong>invocaretur.¹t</strong></span> <span class='ocrx_word' id='word_1_14' title='bbox 1712 641 1882 705; x_wconf 90' lang='lat' dir='ltr'><strong>Cum</strong></span> <span class='ocrx_word' id='word_1_15' title='bbox 1940 642 2251 705; x_wconf 83' lang='lat' dir='ltr'><strong>foeminas</strong></span> <span class='ocrx_word' id='word_1_16' title='bbox 2286 641 2716 707; x_wconf 84' lang='lat' dir='ltr'><strong>finitimorum</strong></span> 
     </span>
     <span class='ocr_line' id='line_1_4' title="bbox 508 738 2715 830; baseline -0 -20"><span class='ocrx_word' id='word_1_17' title='bbox 508 746 798 811; x_wconf 83' lang='lat' dir='ltr'><strong>Romani</strong></span> <span class='ocrx_word' id='word_1_18' title='bbox 822 747 888 809; x_wconf 91' lang='lat' dir='ltr'><strong>vi</strong></span> <span class='ocrx_word' id='word_1_19' title='bbox 912 748 1319 830; x_wconf 82' lang='lat' dir='ltr'>rapuissent,</span> <span class='ocrx_word' id='word_1_20' title='bbox 1346 745 1542 828; x_wconf 91' lang='lat' dir='ltr'><strong>primi</strong></span> <span class='ocrx_word' id='word_1_21' title='bbox 1569 738 2041 810; x_wconf 84' lang='lat' dir='ltr'><strong>Caeninenses¹</strong></span> <span class='ocrx_word' id='word_1_22' title='bbox 2074 751 2301 807; x_wconf 88' lang='lat' dir='ltr'><strong>contra</strong></span> <span class='ocrx_word' id='word_1_23' title='bbox 2321 763 2440 806; x_wconf 86' lang='lat' dir='ltr'><strong>eos</strong></span> <span class='ocrx_word' id='word_1_24' title='bbox 2468 745 2715 809; x_wconf 85' lang='lat' dir='ltr'><strong>bellum</strong></span> 
     </span>
     <span class='ocr_line' id='line_1_5' title="bbox 505 845 2717 930; baseline -0 -20"><span class='ocrx_word' id='word_1_25' title='bbox 505 855 903 914; x_wconf 78' lang='lat' dir='ltr'><strong>sumserunt.</strong></span> <span class='ocrx_word' id='word_1_26' title='bbox 991 851 1052 911; x_wconf 89' lang='grc'><strong>4.</strong></span> <span class='ocrx_word' id='word_1_27' title='bbox 1099 846 1452 910; x_wconf 90' lang='lat' dir='ltr'><strong>Adversus</strong></span> <span class='ocrx_word' id='word_1_28' title='bbox 1478 866 1648 930; x_wconf 91' lang='lat' dir='ltr'><strong>quos</strong></span> <span class='ocrx_word' id='word_1_29' title='bbox 1677 845 2018 910; x_wconf 85' lang='lat' dir='ltr'><strong>Romulus</strong></span> <span class='ocrx_word' id='word_1_30' title='bbox 2044 848 2401 929; x_wconf 85' lang='lat' dir='ltr'><strong>processit,</strong></span> <span class='ocrx_word' id='word_1_31' title='bbox 2430 856 2499 908; x_wconf 91' lang='lat' dir='ltr'><strong>et</strong></span> <span class='ocrx_word' id='word_1_32' title='bbox 2530 866 2717 909; x_wconf 78' lang='lat' dir='ltr'><strong>exer-</strong></span> 
     </span>
     <span class='ocr_line' id='line_1_6' title="bbox 499 947 2714 1031; baseline -0.001 -17"><span class='ocrx_word' id='word_1_33' title='bbox 499 950 707 1014; x_wconf 87' lang='lat' dir='ltr'><strong>citum</strong></span> <span class='ocrx_word' id='word_1_34' title='bbox 736 971 987 1027; x_wconf 90' lang='lat' dir='ltr'><strong>eorum,</strong></span> <span class='ocrx_word' id='word_1_35' title='bbox 1016 969 1097 1015; x_wconf 87' lang='lat' dir='ltr'><strong>ac</strong></span> <span class='ocrx_word' id='word_1_36' title='bbox 1130 950 1375 1013; x_wconf 88' lang='lat' dir='ltr'><strong>ducem</strong></span> <span class='ocrx_word' id='word_1_37' title='bbox 1414 949 1752 1013; x_wconf 89' lang='lat' dir='ltr'><strong>Acronem</strong></span> <span class='ocrx_word' id='word_1_38' title='bbox 1802 948 2129 1031; x_wconf 82' lang='lat' dir='ltr'><strong>singulari</strong></span> <span class='ocrx_word' id='word_1_39' title='bbox 2167 947 2404 1031; x_wconf 85' lang='lat' dir='ltr'><strong>praelio</strong></span> <span class='ocrx_word' id='word_1_40' title='bbox 2438 947 2714 1011; x_wconf 89' lang='lat' dir='ltr'><strong>devicit.</strong></span> 
     </span>
     <span class='ocr_line' id='line_1_7' title="bbox 499 1050 2710 1136; baseline -0.003 -17"><span class='ocrx_word' id='word_1_41' title='bbox 499 1054 564 1119; x_wconf 83' lang='lat'><strong>5.</strong></span> <span class='ocrx_word' id='word_1_42' title='bbox 613 1053 851 1136; x_wconf 89' lang='lat' dir='ltr'><strong>Spolia</strong></span> <span class='ocrx_word' id='word_1_43' title='bbox 880 1053 1161 1135; x_wconf 85' lang='lat' dir='ltr'><strong>opimam</strong></span> <span class='ocrx_word' id='word_1_44' title='bbox 1191 1051 1237 1116; x_wconf 87' lang='lat' dir='ltr'><strong>J</strong></span> <span class='ocrx_word' id='word_1_45' title='bbox 1242 1053 1357 1116; x_wconf 88' lang='lat' dir='ltr'><strong>ovi</strong></span> <span class='ocrx_word' id='word_1_46' title='bbox 1380 1052 1678 1117; x_wconf 82' lang='lat' dir='ltr'><strong>Feretrio</strong></span> <span class='ocrx_word' id='word_1_47' title='bbox 1696 1059 1725 1087; x_wconf 81' lang='lat'><strong>¹²</strong></span> <span class='ocrx_word' id='word_1_48' title='bbox 1753 1052 1821 1115; x_wconf 92' lang='lat' dir='ltr'><strong>in</strong></span> <span class='ocrx_word' id='word_1_49' title='bbox 1844 1051 2191 1134; x_wconf 85' lang='lat' dir='ltr'><strong>Capitolio</strong></span> <span class='ocrx_word' id='word_1_50' title='bbox 2210 1056 2238 1085; x_wconf 85' lang='lat'><strong>⁰</strong></span> <span class='ocrx_word' id='word_1_51' title='bbox 2267 1050 2710 1115; x_wconf 88' lang='lat' dir='ltr'><strong>consecravit.</strong></span> 
     </span>
     <span class='ocr_line' id='line_1_8' title="bbox 504 1151 2715 1239; baseline -0.001 -20"><span class='ocrx_word' id='word_1_52' title='bbox 504 1155 1043 1239; x_wconf 78' lang='lat' dir='ltr'><strong>[Antemnates,¹&#39;</strong></span> <span class='ocrx_word' id='word_1_53' title='bbox 1075 1154 1549 1231; x_wconf 79' lang='lat' dir='ltr'><strong>Crustumini,q</strong></span> <span class='ocrx_word' id='word_1_54' title='bbox 1574 1153 1989 1228; x_wconf 65' lang='lat' dir='ltr'><strong>Fidenates:</strong></span> <span class='ocrx_word' id='word_1_55' title='bbox 2010 1151 2411 1231; x_wconf 82' lang='lat' dir='ltr'><strong>VeienteS‚⁸]</strong></span> <span class='ocrx_word' id='word_1_56' title='bbox 2440 1152 2676 1217; x_wconf 85' lang='lat' dir='ltr'><strong>Sabini</strong></span> <span class='ocrx_word' id='word_1_57' title='bbox 2696 1153 2715 1188; x_wconf 62' lang='lat'><em>³</em></span> 
     </span>
    </p>
   </div>
   <div class='ocr_carea' id='block_1_3' title="bbox 1100 394 2118 447">
    <p class='ocr_par' dir='ltr' id='par_1_3' title="bbox 1100 394 2118 447">
     <span class='ocr_line' id='line_1_9' title="bbox 1100 394 2118 447; baseline -0.002 -2"><span class='ocrx_word' id='word_1_58' title='bbox 1100 396 1331 447; x_wconf 68' lang='lat' dir='ltr'><strong>sssxrl</strong></span> <span class='ocrx_word' id='word_1_59' title='bbox 1384 395 1715 444; x_wconf 74' lang='lat' dir='ltr'><strong>Aunssmt</strong></span> <span class='ocrx_word' id='word_1_60' title='bbox 1769 394 2118 443; x_wconf 69' lang='lat' dir='ltr'><strong>vtoToluS</strong></span> 
     </span>
    </p>
   </div>
   <div class='ocr_carea' id='block_1_4' title="bbox 1422 1333 1791 1356">
    <p class='ocr_par' dir='ltr' id='par_1_4' title="bbox 1422 1333 1791 1356">
     <span class='ocr_line' id='line_1_10' title="bbox 1422 1333 1791 1356; baseline 0.005 -2"><span class='ocrx_word' id='word_1_61' title='bbox 1422 1333 1542 1354; x_wconf 53' lang='lat' dir='ltr'><strong>‘aee</strong></span> <span class='ocrx_word' id='word_1_62' title='bbox 1549 1334 1603 1355; x_wconf 63' lang='grc' dir='ltr'><strong>θ’</strong></span> <span class='ocrx_word' id='word_1_63' title='bbox 1609 1333 1791 1356; x_wconf 60' lang='grc'><strong>000000</strong></span> 
     </span>
    </p>
   </div>
   <div class='ocr_carea' id='block_1_5' title="bbox 480 1431 2714 3124">
    <p class='ocr_par' dir='ltr' id='par_1_5' title="bbox 496 1431 2711 1499">
     <span class='ocr_line' id='line_1_11' title="bbox 496 1431 2711 1499; baseline -0.001 -15"><span class='ocrx_word' id='word_1_64' title='bbox 496 1436 657 1484; x_wconf 87' lang='lat' dir='ltr'><strong>Turn.</strong></span> <span class='ocrx_word' id='word_1_65' title='bbox 684 1434 904 1484; x_wconf 80' lang='lat' dir='ltr'><strong>Advers.</strong></span> <span class='ocrx_word' id='word_1_66' title='bbox 932 1447 1015 1482; x_wconf 79' lang='lat' dir='ltr'><strong>xr-</strong></span> <span class='ocrx_word' id='word_1_67' title='bbox 1038 1432 1138 1482; x_wconf 84' lang='lat'><strong>17.’</strong></span> <span class='ocrx_word' id='word_1_68' title='bbox 1164 1434 1436 1485; x_wconf 54' lang='lat' dir='ltr'><strong>Arnim—3</strong></span> <span class='ocrx_word' id='word_1_69' title='bbox 1461 1436 1477 1461; x_wconf 90' lang='lat'>‘</span> <span class='ocrx_word' id='word_1_70' title='bbox 1501 1436 1757 1486; x_wconf 73' lang='lat' dir='ltr'><strong>Cesserunt</strong></span> <span class='ocrx_word' id='word_1_71' title='bbox 1791 1435 1946 1484; x_wconf 83' lang='lat' dir='ltr'><strong>codd.</strong></span> <span class='ocrx_word' id='word_1_72' title='bbox 1987 1436 2064 1499; x_wconf 82' lang='lat' dir='ltr'><strong>[et</strong></span> <span class='ocrx_word' id='word_1_73' title='bbox 2089 1434 2187 1483; x_wconf 88' lang='lat' dir='ltr'><strong>Ed.</strong></span> <span class='ocrx_word' id='word_1_74' title='bbox 2210 1432 2312 1496; x_wconf 84' lang='lat' dir='ltr'><strong>pr.]</strong></span> <span class='ocrx_word' id='word_1_75' title='bbox 2337 1431 2473 1482; x_wconf 73' lang='lat' dir='ltr'><strong>forte</strong></span> <span class='ocrx_word' id='word_1_76' title='bbox 2498 1433 2711 1490; x_wconf 85' lang='lat' dir='ltr'><strong>rectius,</strong></span> 
     </span>
    </p>

    <p class='ocr_par' dir='ltr' id='par_1_6' title="bbox 480 1497 2714 3124">
     <span class='ocr_line' id='line_1_12' title="bbox 535 1497 2712 1562; baseline 0 -15"><span class='ocrx_word' id='word_1_77' title='bbox 535 1502 616 1548; x_wconf 84' lang='lat' dir='ltr'><strong>uia</strong></span> <span class='ocrx_word' id='word_1_78' title='bbox 639 1500 872 1562; x_wconf 87' lang='lat' dir='ltr'><strong>sequitur</strong></span> <span class='ocrx_word' id='word_1_79' title='bbox 895 1497 1222 1562; x_wconf 81' lang='lat' dir='ltr'><strong>perfectum:</strong></span> <span class='ocrx_word' id='word_1_80' title='bbox 1261 1514 1377 1548; x_wconf 85' lang='lat' dir='ltr'><strong>mox</strong></span> <span class='ocrx_word' id='word_1_81' title='bbox 1412 1501 1672 1550; x_wconf 88' lang='lat' dir='ltr'><strong>iteraretur</strong></span> <span class='ocrx_word' id='word_1_82' title='bbox 1707 1503 1882 1549; x_wconf 86' lang='lat' dir='ltr'><strong>malim</strong></span> <span class='ocrx_word' id='word_1_83' title='bbox 1920 1517 1986 1549; x_wconf 75' lang='lat' dir='ltr'><strong>ex</strong></span> <span class='ocrx_word' id='word_1_84' title='bbox 2026 1499 2145 1550; x_wconf 89' lang='lat' dir='ltr'><strong>cod.</strong></span> <span class='ocrx_word' id='word_1_85' title='bbox 2196 1500 2366 1547; x_wconf 81' lang='lat' dir='ltr'><strong>Palat.</strong></span> <span class='ocrx_word' id='word_1_86' title='bbox 2390 1498 2521 1560; x_wconf 84' lang='lat' dir='ltr'><strong>(quo</strong></span> <span class='ocrx_word' id='word_1_87' title='bbox 2553 1500 2712 1547; x_wconf 87' lang='lat' dir='ltr'><strong>etiam</strong></span> 
     </span>
     <span class='ocr_line' id='line_1_13' title="bbox 496 1516 2714 1628; baseline 0.001 -16"><span class='ocrx_word' id='word_1_88' title='bbox 496 1516 644 1613; x_wconf 56' lang='lat' dir='ltr'><strong>aucit</strong></span> <span class='ocrx_word' id='word_1_89' title='bbox 666 1566 823 1613; x_wconf 86' lang='lat' dir='ltr'><strong>lectio</strong></span> <span class='ocrx_word' id='word_1_90' title='bbox 849 1565 966 1613; x_wconf 90' lang='lat' dir='ltr'><strong>cod.</strong></span> <span class='ocrx_word' id='word_1_91' title='bbox 992 1564 1231 1625; x_wconf 90' lang='lat' dir='ltr'><strong>Lugdun.</strong></span> <span class='ocrx_word' id='word_1_92' title='bbox 1252 1565 1491 1625; x_wconf 82' lang='lat' dir='ltr'><strong>uteretur)</strong></span> <span class='ocrx_word' id='word_1_93' title='bbox 1510 1582 1662 1628; x_wconf 72' lang='lat' dir='ltr'><strong>quiam</strong></span> <span class='ocrx_word' id='word_1_94' title='bbox 1688 1568 1949 1627; x_wconf 80' lang='lat' dir='ltr'><strong>vulgatum</strong></span> <span class='ocrx_word' id='word_1_95' title='bbox 1975 1562 2305 1615; x_wconf 59' lang='lat' dir='ltr'><strong>invocaretur?</strong></span> <span class='ocrx_word' id='word_1_96' title='bbox 2333 1562 2482 1613; x_wconf 82' lang='lat' dir='ltr'><strong>Harl.</strong></span> <span class='ocrx_word' id='word_1_97' title='bbox 2530 1564 2714 1614; x_wconf 80' lang='lat' dir='ltr'><strong>Habet</strong></span> 
     </span>
     <span class='ocr_line' id='line_1_14' title="bbox 499 1628 2713 1692; baseline 0 -15"><span class='ocrx_word' id='word_1_98' title='bbox 499 1629 599 1678; x_wconf 85' lang='lat' dir='ltr'><strong>Ed.</strong></span> <span class='ocrx_word' id='word_1_99' title='bbox 625 1644 704 1691; x_wconf 90' lang='lat' dir='ltr'><strong>pr.</strong></span> <span class='ocrx_word' id='word_1_100' title='bbox 728 1634 996 1677; x_wconf 77' lang='lat' dir='ltr'><strong>vocaretur.</strong></span> <span class='ocrx_word' id='word_1_101' title='bbox 1067 1628 1299 1678; x_wconf 79' lang='lat' dir='ltr'><strong>Omnibus</strong></span> <span class='ocrx_word' id='word_1_102' title='bbox 1320 1630 1372 1678; x_wconf 87' lang='lat' dir='ltr'><strong>in</strong></span> <span class='ocrx_word' id='word_1_103' title='bbox 1406 1633 1587 1692; x_wconf 85' lang='lat' dir='ltr'><strong>nuptiis</strong></span> <span class='ocrx_word' id='word_1_104' title='bbox 1612 1632 1815 1681; x_wconf 82' lang='lat' dir='ltr'><strong>Schott.</strong></span> <span class='ocrx_word' id='word_1_105' title='bbox 1843 1631 2039 1681; x_wconf 81' lang='lat' dir='ltr'><strong>Gaesb.</strong></span> <span class='ocrx_word' id='word_1_106' title='bbox 2076 1630 2265 1692; x_wconf 84' lang='lat' dir='ltr'><strong>Delph.</strong></span> <span class='ocrx_word' id='word_1_107' title='bbox 2301 1629 2483 1677; x_wconf 78' lang='lat' dir='ltr'><strong>Pitisc.</strong></span> <span class='ocrx_word' id='word_1_108' title='bbox 2553 1635 2567 1656; x_wconf 91' lang='lat'>‘</span> <span class='ocrx_word' id='word_1_109' title='bbox 2590 1630 2713 1677; x_wconf 84' lang='lat' dir='ltr'><strong>Cum</strong></span> 
     </span>
     <span class='ocr_line' id='line_1_15' title="bbox 480 1693 2711 1758; baseline 0 -16"><span class='ocrx_word' id='word_1_110' title='bbox 480 1694 696 1752; x_wconf 78' lang='lat' dir='ltr'><strong>seminas</strong></span> <span class='ocrx_word' id='word_1_111' title='bbox 731 1710 845 1755; x_wconf 85' lang='lat' dir='ltr'><strong>ergo</strong></span> <span class='ocrx_word' id='word_1_112' title='bbox 880 1693 1073 1742; x_wconf 80' lang='lat' dir='ltr'><strong>Gaesb.</strong></span> <span class='ocrx_word' id='word_1_113' title='bbox 1102 1709 1323 1756; x_wconf 84' lang='lat' dir='ltr'><strong>eumque</strong></span> <span class='ocrx_word' id='word_1_114' title='bbox 1359 1699 1525 1743; x_wconf 77' lang='lat' dir='ltr'><strong>secuti</strong></span> <span class='ocrx_word' id='word_1_115' title='bbox 1551 1699 1885 1758; x_wconf 66' lang='lat' dir='ltr'><strong>posteriores,</strong></span> <span class='ocrx_word' id='word_1_116' title='bbox 1922 1707 1977 1742; x_wconf 87' lang='lat' dir='ltr'><strong>ut</strong></span> <span class='ocrx_word' id='word_1_117' title='bbox 2012 1697 2124 1743; x_wconf 83' lang='lat' dir='ltr'><strong>haec</strong></span> <span class='ocrx_word' id='word_1_118' title='bbox 2161 1695 2344 1742; x_wconf 86' lang='lat' dir='ltr'><strong>vocula</strong></span> <span class='ocrx_word' id='word_1_119' title='bbox 2376 1693 2711 1743; x_wconf 84' lang='lat' dir='ltr'><strong>connectioni</strong></span> 
     </span>
     <span class='ocr_line' id='line_1_16' title="bbox 497 1758 2711 1823; baseline 0.001 -19"><span class='ocrx_word' id='word_1_120' title='bbox 497 1759 808 1819; x_wconf 79' lang='lat' dir='ltr'><strong>inserviret3</strong></span> <span class='ocrx_word' id='word_1_121' title='bbox 834 1758 924 1806; x_wconf 86' lang='lat' dir='ltr'><strong>sed</strong></span> <span class='ocrx_word' id='word_1_122' title='bbox 955 1772 1072 1806; x_wconf 89' lang='lat' dir='ltr'><strong>cum</strong></span> <span class='ocrx_word' id='word_1_123' title='bbox 1096 1773 1194 1806; x_wconf 86' lang='lat' dir='ltr'><strong>nec</strong></span> <span class='ocrx_word' id='word_1_124' title='bbox 1220 1759 1272 1806; x_wconf 88' lang='lat' dir='ltr'><strong>in</strong></span> <span class='ocrx_word' id='word_1_125' title='bbox 1299 1759 1530 1823; x_wconf 85' lang='lat' dir='ltr'><strong>antiquis</strong></span> <span class='ocrx_word' id='word_1_126' title='bbox 1554 1761 1709 1809; x_wconf 84' lang='lat' dir='ltr'><strong>editt.</strong></span> <span class='ocrx_word' id='word_1_127' title='bbox 1729 1776 1829 1810; x_wconf 86' lang='lat' dir='ltr'><strong>nec</strong></span> <span class='ocrx_word' id='word_1_128' title='bbox 1855 1760 1982 1809; x_wconf 84' lang='lat' dir='ltr'><strong>Mss.</strong></span> <span class='ocrx_word' id='word_1_129' title='bbox 2011 1760 2202 1808; x_wconf 84' lang='lat' dir='ltr'><strong>nostris</strong></span> <span class='ocrx_word' id='word_1_130' title='bbox 2225 1759 2711 1822; x_wconf 58' lang='lat' dir='ltr'><strong>appareanmerito</strong></span> 
     </span>
     <span class='ocr_line' id='line_1_17' title="bbox 495 1823 2714 1888; baseline 0.001 -16"><span class='ocrx_word' id='word_1_131' title='bbox 495 1824 765 1884; x_wconf 85' lang='lat' dir='ltr'><strong>ejecimus,</strong></span> <span class='ocrx_word' id='word_1_132' title='bbox 788 1838 904 1871; x_wconf 87' lang='lat' dir='ltr'><strong>cum</strong></span> <span class='ocrx_word' id='word_1_133' title='bbox 937 1824 1020 1872; x_wconf 80' lang='lat' dir='ltr'><strong>vel</strong></span> <span class='ocrx_word' id='word_1_134' title='bbox 1040 1824 1114 1871; x_wconf 77' lang='lat' dir='ltr'><strong>sie</strong></span> <span class='ocrx_word' id='word_1_135' title='bbox 1152 1824 1348 1885; x_wconf 86' lang='lat' dir='ltr'><strong>liquida</strong></span> <span class='ocrx_word' id='word_1_136' title='bbox 1383 1825 1507 1874; x_wconf 76' lang='lat' dir='ltr'><strong>satis</strong></span> <span class='ocrx_word' id='word_1_137' title='bbox 1546 1827 1798 1888; x_wconf 83' lang='lat' dir='ltr'><strong>procedat</strong></span> <span class='ocrx_word' id='word_1_138' title='bbox 1831 1824 2035 1874; x_wconf 87' lang='lat' dir='ltr'><strong>oratio.&#39;</strong></span> <span class='ocrx_word' id='word_1_139' title='bbox 2055 1825 2232 1874; x_wconf 76' lang='lat' dir='ltr'><strong>Arntz.</strong></span> <span class='ocrx_word' id='word_1_140' title='bbox 2293 1831 2307 1852; x_wconf 78' lang='lat'>⁸</span> <span class='ocrx_word' id='word_1_141' title='bbox 2336 1823 2399 1873; x_wconf 85' lang='lat' dir='ltr'><strong>Vi</strong></span> <span class='ocrx_word' id='word_1_142' title='bbox 2427 1823 2714 1887; x_wconf 80' lang='lat' dir='ltr'><strong>rapuissent.</strong></span> 
     </span>
     <span class='ocr_line' id='line_1_18' title="bbox 504 1888 2709 1953; baseline 0 -17"><span class='ocrx_word' id='word_1_143' title='bbox 504 1888 568 1937; x_wconf 89' lang='lat' dir='ltr'><strong>Vi</strong></span> <span class='ocrx_word' id='word_1_144' title='bbox 587 1889 642 1951; x_wconf 84' lang='lat' dir='ltr'><strong>[a</strong></span> <span class='ocrx_word' id='word_1_145' title='bbox 665 1890 867 1936; x_wconf 85' lang='lat' dir='ltr'><strong>Schott.</strong></span> <span class='ocrx_word' id='word_1_146' title='bbox 894 1888 1087 1937; x_wconf 74' lang='lat' dir='ltr'><strong>Gaesb.</strong></span> <span class='ocrx_word' id='word_1_147' title='bbox 1124 1888 1316 1949; x_wconf 88' lang='lat' dir='ltr'><strong>Delph.</strong></span> <span class='ocrx_word' id='word_1_148' title='bbox 1353 1889 1539 1938; x_wconf 85' lang='lat' dir='ltr'><strong>Pitisc.</strong></span> <span class='ocrx_word' id='word_1_149' title='bbox 1578 1891 1832 1953; x_wconf 80' lang='lat' dir='ltr'><strong>deletum]</strong></span> <span class='ocrx_word' id='word_1_150' title='bbox 1873 1892 2016 1939; x_wconf 80' lang='lat' dir='ltr'><strong>salva</strong></span> <span class='ocrx_word' id='word_1_151' title='bbox 2052 1888 2317 1938; x_wconf 84' lang='lat' dir='ltr'><strong>sententia</strong></span> <span class='ocrx_word' id='word_1_152' title='bbox 2349 1896 2404 1937; x_wconf 86' lang='lat' dir='ltr'><strong>et</strong></span> <span class='ocrx_word' id='word_1_153' title='bbox 2437 1897 2709 1951; x_wconf 86' lang='lat' dir='ltr'><strong>praeeunte</strong></span> 
     </span>
     <span class='ocr_line' id='line_1_19' title="bbox 496 1952 2710 2017; baseline 0 -16"><span class='ocrx_word' id='word_1_154' title='bbox 496 1953 648 2002; x_wconf 87' lang='lat' dir='ltr'><strong>Livio</strong></span> <span class='ocrx_word' id='word_1_155' title='bbox 674 1966 713 2001; x_wconf 84' lang='lat'><strong>1.</strong></span> <span class='ocrx_word' id='word_1_156' title='bbox 748 1958 799 2001; x_wconf 82' lang='lat'><strong>9.</strong></span> <span class='ocrx_word' id='word_1_157' title='bbox 833 1952 1111 2016; x_wconf 83' lang='lat' dir='ltr'><strong>‘juventus</strong></span> <span class='ocrx_word' id='word_1_158' title='bbox 1148 1954 1380 2001; x_wconf 81' lang='lat' dir='ltr'><strong>Romana</strong></span> <span class='ocrx_word' id='word_1_159' title='bbox 1409 1956 1474 2002; x_wconf 87' lang='lat' dir='ltr'><strong>ad</strong></span> <span class='ocrx_word' id='word_1_160' title='bbox 1514 1956 1789 2017; x_wconf 79' lang='lat' dir='ltr'><strong>rapiendas</strong></span> <span class='ocrx_word' id='word_1_161' title='bbox 1830 1957 2057 2017; x_wconf 81' lang='lat' dir='ltr'><strong>virgines</strong></span> <span class='ocrx_word' id='word_1_162' title='bbox 2097 1952 2379 2008; x_wconf 81' lang='lat' dir='ltr'><strong>discurrit,’</strong></span> <span class='ocrx_word' id='word_1_163' title='bbox 2403 1957 2587 2003; x_wconf 82' lang='lat' dir='ltr'><strong>abesse</strong></span> <span class='ocrx_word' id='word_1_164' title='bbox 2619 1968 2710 2015; x_wconf 88' lang='lat' dir='ltr'><strong>po·</strong></span> 
     </span>
     <span class='ocr_line' id='line_1_20' title="bbox 497 2017 2708 2081; baseline 0 -16"><span class='ocrx_word' id='word_1_165' title='bbox 497 2025 620 2078; x_wconf 81' lang='lat' dir='ltr'><strong>test,</strong></span> <span class='ocrx_word' id='word_1_166' title='bbox 666 2027 719 2066; x_wconf 92' lang='lat' dir='ltr'><strong>et</strong></span> <span class='ocrx_word' id='word_1_167' title='bbox 754 2017 1002 2066; x_wconf 87' lang='lat' dir='ltr'><strong>Schottus</strong></span> <span class='ocrx_word' id='word_1_168' title='bbox 1045 2020 1358 2068; x_wconf 84' lang='lat' dir='ltr'><strong>auctoritate</strong></span> <span class='ocrx_word' id='word_1_169' title='bbox 1396 2020 1477 2077; x_wconf 47' lang='lat' dir='ltr'><strong>sui,</strong></span> <span class='ocrx_word' id='word_1_170' title='bbox 1521 2021 1714 2069; x_wconf 78' lang='lat' dir='ltr'><strong>codicis</strong></span> <span class='ocrx_word' id='word_1_171' title='bbox 1751 2019 2156 2069; x_wconf 78' lang='lat' dir='ltr'><strong>exterminavit:</strong></span> <span class='ocrx_word' id='word_1_172' title='bbox 2207 2019 2296 2066; x_wconf 87' lang='lat' dir='ltr'><strong>sed</strong></span> <span class='ocrx_word' id='word_1_173' title='bbox 2339 2020 2474 2081; x_wconf 83' lang='lat' dir='ltr'><strong>quod</strong></span> <span class='ocrx_word' id='word_1_174' title='bbox 2519 2017 2708 2080; x_wconf 84' lang='lat' dir='ltr'><strong>reliqui</strong></span> 
     </span>
     <span class='ocr_line' id='line_1_21' title="bbox 491 2082 2711 2147; baseline 0.001 -18"><span class='ocrx_word' id='word_1_175' title='bbox 491 2082 673 2145; x_wconf 87' lang='lat' dir='ltr'><strong>scripti</strong></span> <span class='ocrx_word' id='word_1_176' title='bbox 700 2090 754 2130; x_wconf 89' lang='lat' dir='ltr'><strong>et</strong></span> <span class='ocrx_word' id='word_1_177' title='bbox 772 2083 897 2131; x_wconf 88' lang='lat' dir='ltr'><strong>editi</strong></span> <span class='ocrx_word' id='word_1_178' title='bbox 923 2082 1041 2130; x_wconf 86' lang='lat' dir='ltr'><strong>libri</strong></span> <span class='ocrx_word' id='word_1_179' title='bbox 1060 2083 1186 2130; x_wconf 88' lang='lat' dir='ltr'><strong>illud</strong></span> <span class='ocrx_word' id='word_1_180' title='bbox 1208 2097 1318 2133; x_wconf 86' lang='lat' dir='ltr'><strong>voc.</strong></span> <span class='ocrx_word' id='word_1_181' title='bbox 1339 2083 1595 2147; x_wconf 75' lang='lat' dir='ltr'><strong>praebent,</strong></span> <span class='ocrx_word' id='word_1_182' title='bbox 1614 2091 1667 2133; x_wconf 88' lang='lat' dir='ltr'><strong>et</strong></span> <span class='ocrx_word' id='word_1_183' title='bbox 1690 2088 1705 2114; x_wconf 80' lang='lat'>⁸</span> <span class='ocrx_word' id='word_1_184' title='bbox 1725 2087 1772 2134; x_wconf 87' lang='lat' dir='ltr'><strong>vi</strong></span> <span class='ocrx_word' id='word_1_185' title='bbox 1789 2100 1971 2147; x_wconf 85' lang='lat' dir='ltr'><strong>rapere</strong></span> <span class='ocrx_word' id='word_1_186' title='bbox 1995 2082 2262 2132; x_wconf 79' lang='lat' dir='ltr'><strong>foeminas&#39;</strong></span> <span class='ocrx_word' id='word_1_187' title='bbox 2298 2092 2388 2131; x_wconf 91' lang='lat' dir='ltr'><strong>aut</strong></span> <span class='ocrx_word' id='word_1_188' title='bbox 2412 2085 2427 2111; x_wconf 80' lang='lat'>⁸</span> <span class='ocrx_word' id='word_1_189' title='bbox 2450 2084 2677 2146; x_wconf 83' lang='lat' dir='ltr'><strong>virgines</strong></span> <span class='ocrx_word' id='word_1_190' title='bbox 2696 2082 2711 2105; x_wconf 90' lang='lat'>&#39;</span> 
     </span>
     <span class='ocr_line' id='line_1_22' title="bbox 492 2148 2709 2213; baseline 0.001 -19"><span class='ocrx_word' id='word_1_191' title='bbox 492 2161 522 2194; x_wconf 84' lang='lat' dir='ltr'><strong>a</strong></span> <span class='ocrx_word' id='word_1_192' title='bbox 548 2148 817 2208; x_wconf 84' lang='lat' dir='ltr'><strong>permultis</strong></span> <span class='ocrx_word' id='word_1_193' title='bbox 839 2148 1180 2209; x_wconf 77' lang='lat' dir='ltr'><strong>scriptoribus</strong></span> <span class='ocrx_word' id='word_1_194' title='bbox 1204 2156 1510 2207; x_wconf 87' lang='lat' dir='ltr'><strong>usurpatum</strong></span> <span class='ocrx_word' id='word_1_195' title='bbox 1532 2159 1633 2212; x_wconf 81' lang='lat' dir='ltr'><strong>est,</strong></span> <span class='ocrx_word' id='word_1_196' title='bbox 1657 2153 1919 2213; x_wconf 62' lang='lat' dir='ltr'><strong>principue</strong></span> <span class='ocrx_word' id='word_1_197' title='bbox 1941 2149 2147 2213; x_wconf 83' lang='lat' dir='ltr'><strong>quando</strong></span> <span class='ocrx_word' id='word_1_198' title='bbox 2172 2162 2341 2196; x_wconf 86' lang='lat' dir='ltr'><strong>sermo</strong></span> <span class='ocrx_word' id='word_1_199' title='bbox 2357 2156 2438 2199; x_wconf 86' lang='lat' dir='ltr'><strong>est</strong></span> <span class='ocrx_word' id='word_1_200' title='bbox 2460 2149 2527 2196; x_wconf 90' lang='lat' dir='ltr'><strong>de</strong></span> <span class='ocrx_word' id='word_1_201' title='bbox 2553 2156 2709 2211; x_wconf 78' lang='lat' dir='ltr'><strong>raptu</strong></span> 
     </span>
     <span class='ocr_line' id='line_1_23' title="bbox 492 2212 2712 2275; baseline 0.001 -15"><span class='ocrx_word' id='word_1_202' title='bbox 492 2212 691 2275; x_wconf 83' lang='lat' dir='ltr'><strong>injecta</strong></span> <span class='ocrx_word' id='word_1_203' title='bbox 714 2227 889 2268; x_wconf 88' lang='lat' dir='ltr'><strong>manu,</strong></span> <span class='ocrx_word' id='word_1_204' title='bbox 920 2212 986 2261; x_wconf 84' lang='lat' dir='ltr'><strong>de</strong></span> <span class='ocrx_word' id='word_1_205' title='bbox 1013 2219 1165 2274; x_wconf 87' lang='lat' dir='ltr'><strong>raptu</strong></span> <span class='ocrx_word' id='word_1_206' title='bbox 1190 2213 1435 2268; x_wconf 83' lang='lat' dir='ltr'><strong>violento,</strong></span> <span class='ocrx_word' id='word_1_207' title='bbox 1470 2228 1567 2263; x_wconf 86' lang='lat' dir='ltr'><strong>nec</strong></span> <span class='ocrx_word' id='word_1_208' title='bbox 1593 2217 1955 2264; x_wconf 67' lang='lat' dir='ltr'><strong>consentiente</strong></span> <span class='ocrx_word' id='word_1_209' title='bbox 1976 2230 2072 2264; x_wconf 89' lang='lat' dir='ltr'><strong>nec</strong></span> <span class='ocrx_word' id='word_1_210' title='bbox 2100 2214 2306 2262; x_wconf 85' lang='lat' dir='ltr'><strong>volente</strong></span> <span class='ocrx_word' id='word_1_211' title='bbox 2332 2213 2548 2272; x_wconf 67' lang='lat' dir='ltr'><strong>virgine,</strong></span> <span class='ocrx_word' id='word_1_212' title='bbox 2580 2215 2712 2262; x_wconf 87' lang='lat' dir='ltr'><strong>reti-</strong></span> 
     </span>
     <span class='ocr_line' id='line_1_24' title="bbox 488 2275 2711 2343; baseline 0.001 -20"><span class='ocrx_word' id='word_1_213' title='bbox 488 2285 716 2325; x_wconf 84' lang='lat' dir='ltr'><strong>nuerunt</strong></span> <span class='ocrx_word' id='word_1_214' title='bbox 755 2278 806 2325; x_wconf 90' lang='lat' dir='ltr'><strong>id</strong></span> <span class='ocrx_word' id='word_1_215' title='bbox 835 2292 948 2325; x_wconf 84' lang='lat' dir='ltr'><strong>voc.</strong></span> <span class='ocrx_word' id='word_1_216' title='bbox 984 2275 1297 2325; x_wconf 85' lang='lat' dir='ltr'><strong>Arntzenius</strong></span> <span class='ocrx_word' id='word_1_217' title='bbox 1336 2279 1577 2338; x_wconf 84' lang='lat' dir='ltr'><strong>copiosus</strong></span> <span class='ocrx_word' id='word_1_218' title='bbox 1613 2281 1685 2328; x_wconf 80' lang='lat' dir='ltr'><strong>de</strong></span> <span class='ocrx_word' id='word_1_219' title='bbox 1716 2283 1811 2328; x_wconf 80' lang='lat' dir='ltr'><strong>hac</strong></span> <span class='ocrx_word' id='word_1_220' title='bbox 1835 2279 1999 2330; x_wconf 87' lang='lat' dir='ltr'><strong>forma</strong></span> <span class='ocrx_word' id='word_1_221' title='bbox 2038 2279 2301 2343; x_wconf 89' lang='lat' dir='ltr'><strong>loquendi,</strong></span> <span class='ocrx_word' id='word_1_222' title='bbox 2325 2285 2380 2326; x_wconf 88' lang='lat' dir='ltr'><strong>et</strong></span> <span class='ocrx_word' id='word_1_223' title='bbox 2407 2277 2711 2326; x_wconf 83' lang='lat' dir='ltr'><strong>Grunerus.&#39;</strong></span> 
     </span>
     <span class='ocr_line' id='line_1_25' title="bbox 490 2341 2704 2407; baseline 0.001 -18"><span class='ocrx_word' id='word_1_224' title='bbox 490 2342 640 2389; x_wconf 80' lang='lat' dir='ltr'><strong>Harl.</strong></span> <span class='ocrx_word' id='word_1_225' title='bbox 708 2343 855 2402; x_wconf 85' lang='lat' dir='ltr'><strong>Mox,</strong></span> <span class='ocrx_word' id='word_1_226' title='bbox 876 2341 1098 2404; x_wconf 83' lang='lat' dir='ltr'><strong>Gryphii</strong></span> <span class='ocrx_word' id='word_1_227' title='bbox 1124 2342 1276 2392; x_wconf 86' lang='lat' dir='ltr'><strong>codd.</strong></span> <span class='ocrx_word' id='word_1_228' title='bbox 1300 2343 1570 2399; x_wconf 87' lang='lat' dir='ltr'><strong>Cenienses,</strong></span> <span class='ocrx_word' id='word_1_229' title='bbox 1589 2346 1844 2407; x_wconf 87' lang='lat' dir='ltr'><strong>quomodo</strong></span> <span class='ocrx_word' id='word_1_230' title='bbox 1868 2355 1920 2394; x_wconf 90' lang='lat' dir='ltr'><strong>et</strong></span> <span class='ocrx_word' id='word_1_231' title='bbox 1945 2346 1994 2393; x_wconf 90' lang='lat' dir='ltr'><strong>in</strong></span> <span class='ocrx_word' id='word_1_232' title='bbox 2017 2344 2238 2406; x_wconf 73' lang='lat' dir='ltr'><strong>vulgatis</strong></span> <span class='ocrx_word' id='word_1_233' title='bbox 2261 2344 2393 2391; x_wconf 87' lang='lat' dir='ltr'><strong>Livii</strong></span> <span class='ocrx_word' id='word_1_234' title='bbox 2418 2344 2539 2392; x_wconf 89' lang='lat' dir='ltr'><strong>edd.</strong></span> <span class='ocrx_word' id='word_1_235' title='bbox 2590 2344 2704 2393; x_wconf 86' lang='lat' dir='ltr'><strong>Nos</strong></span> 
     </span>
     <span class='ocr_line' id='line_1_26' title="bbox 493 2406 2709 2470; baseline 0.001 -16"><span class='ocrx_word' id='word_1_236' title='bbox 493 2407 798 2457; x_wconf 84' lang='lat' dir='ltr'><strong>Coeninenses</strong></span> <span class='ocrx_word' id='word_1_237' title='bbox 821 2421 915 2470; x_wconf 87' lang='lat' dir='ltr'><strong>per</strong></span> <span class='ocrx_word' id='word_1_238' title='bbox 937 2406 1315 2470; x_wconf 79' lang='lat' dir='ltr'><strong>diphthongum</strong></span> <span class='ocrx_word' id='word_1_239' title='bbox 1354 2410 1656 2469; x_wconf 71' lang='lat' dir='ltr'><strong>scripsimus</strong></span> <span class='ocrx_word' id='word_1_240' title='bbox 1690 2425 1757 2458; x_wconf 85' lang='lat' dir='ltr'><strong>ex</strong></span> <span class='ocrx_word' id='word_1_241' title='bbox 1779 2411 1907 2460; x_wconf 86' lang='lat' dir='ltr'><strong>Mss.</strong></span> <span class='ocrx_word' id='word_1_242' title='bbox 1937 2409 2160 2459; x_wconf 78' lang='lat' dir='ltr'><strong>Plinium</strong></span> <span class='ocrx_word' id='word_1_243' title='bbox 2185 2408 2344 2455; x_wconf 83' lang='lat' dir='ltr'><strong>etiam</strong></span> <span class='ocrx_word' id='word_1_244' title='bbox 2364 2422 2453 2457; x_wconf 82' lang='lat' dir='ltr'><strong>nr.</strong></span> <span class='ocrx_word' id='word_1_245' title='bbox 2476 2415 2527 2457; x_wconf 81' lang='lat'><strong>5.</strong></span> <span class='ocrx_word' id='word_1_246' title='bbox 2560 2408 2709 2457; x_wconf 84' lang='lat' dir='ltr'><strong>Hali-</strong></span> 
     </span>
     <span class='ocr_line' id='line_1_27' title="bbox 492 2473 2709 2537; baseline 0.001 -17"><span class='ocrx_word' id='word_1_247' title='bbox 492 2487 844 2531; x_wconf 78' lang='lat' dir='ltr'><strong>carnasseum‚</strong></span> <span class='ocrx_word' id='word_1_248' title='bbox 873 2479 930 2521; x_wconf 80' lang='lat' dir='ltr'><strong>et</strong></span> <span class='ocrx_word' id='word_1_249' title='bbox 951 2473 1272 2533; x_wconf 77' lang='lat' dir='ltr'><strong>Stephanum</strong></span> <span class='ocrx_word' id='word_1_250' title='bbox 1298 2474 1363 2520; x_wconf 88' lang='lat' dir='ltr'><strong>de</strong></span> <span class='ocrx_word' id='word_1_251' title='bbox 1389 2475 1618 2524; x_wconf 79' lang='lat' dir='ltr'><strong>Urbibus</strong></span> <span class='ocrx_word' id='word_1_252' title='bbox 1652 2478 1837 2524; x_wconf 83' lang='lat' dir='ltr'><strong>secuti.</strong></span> <span class='ocrx_word' id='word_1_253' title='bbox 1902 2477 1973 2525; x_wconf 87' lang='lat' dir='ltr'><strong>Hi</strong></span> <span class='ocrx_word' id='word_1_254' title='bbox 2005 2475 2140 2523; x_wconf 81' lang='lat' dir='ltr'><strong>enim</strong></span> <span class='ocrx_word' id='word_1_255' title='bbox 2166 2473 2390 2533; x_wconf 76' lang='grc' dir='ltr'><strong><em>Κωνίνην</em></strong></span> <span class='ocrx_word' id='word_1_256' title='bbox 2415 2475 2593 2523; x_wconf 88' lang='lat' dir='ltr'><strong>urbem</strong></span> <span class='ocrx_word' id='word_1_257' title='bbox 2618 2489 2709 2537; x_wconf 89' lang='lat' dir='ltr'><strong>ap·</strong></span> 
     </span>
     <span class='ocr_line' id='line_1_28' title="bbox 492 2537 2705 2603; baseline 0.001 -17"><span class='ocrx_word' id='word_1_258' title='bbox 492 2540 711 2600; x_wconf 83' lang='lat' dir='ltr'><strong>pellant.</strong></span> <span class='ocrx_word' id='word_1_259' title='bbox 748 2537 936 2586; x_wconf 78' lang='lat' dir='ltr'><strong>Schott.</strong></span> <span class='ocrx_word' id='word_1_260' title='bbox 1006 2539 1301 2587; x_wconf 77' lang='lat' dir='ltr'><strong>Coecinenses</strong></span> <span class='ocrx_word' id='word_1_261' title='bbox 1337 2540 1436 2587; x_wconf 86' lang='lat' dir='ltr'><strong>Ed.</strong></span> <span class='ocrx_word' id='word_1_262' title='bbox 1471 2555 1552 2603; x_wconf 87' lang='lat' dir='ltr'><strong>pr.</strong></span> <span class='ocrx_word' id='word_1_263' title='bbox 1610 2541 1819 2589; x_wconf 84' lang='lat' dir='ltr'><strong>Deinde</strong></span> <span class='ocrx_word' id='word_1_264' title='bbox 1849 2541 1968 2591; x_wconf 75' lang='lat' dir='ltr'><strong>bella</strong></span> <span class='ocrx_word' id='word_1_265' title='bbox 2001 2545 2273 2590; x_wconf 71' lang='lat' dir='ltr'><strong>sumserunt</strong></span> <span class='ocrx_word' id='word_1_266' title='bbox 2296 2540 2459 2599; x_wconf 69' lang='lat' dir='ltr'><strong>bugd.</strong></span> <span class='ocrx_word' id='word_1_267' title='bbox 2484 2542 2530 2587; x_wconf 90' lang='lat' dir='ltr'><strong>l.</strong></span> <span class='ocrx_word' id='word_1_268' title='bbox 2567 2546 2705 2588; x_wconf 81' lang='lat' dir='ltr'><strong>teste</strong></span> 
     </span>
     <span class='ocr_line' id='line_1_29' title="bbox 492 2602 2702 2669; baseline 0.002 -20"><span class='ocrx_word' id='word_1_269' title='bbox 492 2602 775 2652; x_wconf 65' lang='lat' dir='ltr'><strong>Arum—4</strong></span> <span class='ocrx_word' id='word_1_270' title='bbox 800 2605 980 2651; x_wconf 85' lang='lat' dir='ltr'><strong>Eorum</strong></span> <span class='ocrx_word' id='word_1_271' title='bbox 1007 2603 1271 2651; x_wconf 75' lang='lat' dir='ltr'><strong>exercitum</strong></span> <span class='ocrx_word' id='word_1_272' title='bbox 1296 2618 1354 2651; x_wconf 83' lang='lat' dir='ltr'><strong>ac</strong></span> <span class='ocrx_word' id='word_1_273' title='bbox 1382 2618 1543 2653; x_wconf 85' lang='lat' dir='ltr'><strong>eorum</strong></span> <span class='ocrx_word' id='word_1_274' title='bbox 1573 2607 1737 2656; x_wconf 80' lang='lat' dir='ltr'><strong>ducem</strong></span> <span class='ocrx_word' id='word_1_275' title='bbox 1772 2606 1869 2655; x_wconf 86' lang='lat' dir='ltr'><strong>Ed.</strong></span> <span class='ocrx_word' id='word_1_276' title='bbox 1914 2615 1992 2669; x_wconf 85' lang='lat' dir='ltr'><strong>pr.</strong></span> <span class='ocrx_word' id='word_1_277' title='bbox 2064 2607 2212 2665; x_wconf 80' lang='lat' dir='ltr'><strong>Mox,</strong></span> <span class='ocrx_word' id='word_1_278' title='bbox 2250 2611 2263 2632; x_wconf 81' lang='lat'><strong>¹</strong></span> <span class='ocrx_word' id='word_1_279' title='bbox 2281 2604 2397 2653; x_wconf 83' lang='lat' dir='ltr'><strong>vicit</strong></span> <span class='ocrx_word' id='word_1_280' title='bbox 2435 2605 2486 2653; x_wconf 90' lang='lat' dir='ltr'><strong>in</strong></span> <span class='ocrx_word' id='word_1_281' title='bbox 2527 2604 2610 2656; x_wconf 82' lang='lat' dir='ltr'><strong>H..</strong></span> <span class='ocrx_word' id='word_1_282' title='bbox 2635 2604 2702 2653; x_wconf 91' lang='grc' dir='ltr'><strong>Β.</strong></span> 
     </span>
     <span class='ocr_line' id='line_1_30' title="bbox 490 2666 2705 2731; baseline 0.002 -16"><span class='ocrx_word' id='word_1_283' title='bbox 490 2676 713 2730; x_wconf 83' lang='lat' dir='ltr'><strong>utroque</strong></span> <span class='ocrx_word' id='word_1_284' title='bbox 735 2667 904 2730; x_wconf 76' lang='lat' dir='ltr'><strong>Lugd.</strong></span> <span class='ocrx_word' id='word_1_285' title='bbox 927 2676 983 2714; x_wconf 85' lang='lat' dir='ltr'><strong>et</strong></span> <span class='ocrx_word' id='word_1_286' title='bbox 1006 2666 1090 2715; x_wconf 91' lang='lat' dir='ltr'><strong>ed.</strong></span> <span class='ocrx_word' id='word_1_287' title='bbox 1113 2669 1278 2731; x_wconf 88' lang='lat' dir='ltr'><strong>antiq.</strong></span> <span class='ocrx_word' id='word_1_288' title='bbox 1303 2668 1513 2717; x_wconf 83' lang='lat' dir='ltr'><strong>obvium</strong></span> <span class='ocrx_word' id='word_1_289' title='bbox 1540 2671 1784 2730; x_wconf 88' lang='lat' dir='ltr'><strong>probavit</strong></span> <span class='ocrx_word' id='word_1_290' title='bbox 1809 2677 1862 2719; x_wconf 76' lang='lat' dir='ltr'><strong>et</strong></span> <span class='ocrx_word' id='word_1_291' title='bbox 1886 2671 1936 2719; x_wconf 90' lang='lat' dir='ltr'><strong>in</strong></span> <span class='ocrx_word' id='word_1_292' title='bbox 1959 2671 2378 2730; x_wconf 73' lang='lat' dir='ltr'><strong>textnmrecepit</strong></span> <span class='ocrx_word' id='word_1_293' title='bbox 2401 2668 2584 2718; x_wconf 78' lang='lat' dir='ltr'><strong>Arntz.</strong></span> <span class='ocrx_word' id='word_1_294' title='bbox 2608 2684 2705 2731; x_wconf 85' lang='lat' dir='ltr'><strong>pro</strong></span> 
     </span>
     <span class='ocr_line' id='line_1_31' title="bbox 489 2732 2705 2795; baseline 0.001 -14"><span class='ocrx_word' id='word_1_295' title='bbox 489 2733 685 2782; x_wconf 81' lang='lat' dir='ltr'><strong>devicit.</strong></span> <span class='ocrx_word' id='word_1_296' title='bbox 757 2732 1031 2781; x_wconf 87' lang='lat' dir='ltr'><strong>Certamine</strong></span> <span class='ocrx_word' id='word_1_297' title='bbox 1053 2745 1148 2793; x_wconf 90' lang='lat' dir='ltr'><strong>pro</strong></span> <span class='ocrx_word' id='word_1_298' title='bbox 1171 2733 1338 2793; x_wconf 82' lang='lat' dir='ltr'><strong>praelio</strong></span> <span class='ocrx_word' id='word_1_299' title='bbox 1370 2737 1637 2795; x_wconf 88' lang='lat' dir='ltr'><strong>reperitur</strong></span> <span class='ocrx_word' id='word_1_300' title='bbox 1663 2738 1818 2784; x_wconf 86' lang='lat' dir='ltr'><strong>etiam</strong></span> <span class='ocrx_word' id='word_1_301' title='bbox 1845 2737 1894 2784; x_wconf 89' lang='lat' dir='ltr'><strong>in</strong></span> <span class='ocrx_word' id='word_1_302' title='bbox 1922 2736 1992 2785; x_wconf 84' lang='lat' dir='ltr'><strong>H.</strong></span> <span class='ocrx_word' id='word_1_303' title='bbox 2048 2736 2315 2783; x_wconf 81' lang='lat' dir='ltr'><strong>Praeterea</strong></span> <span class='ocrx_word' id='word_1_304' title='bbox 2344 2734 2597 2783; x_wconf 78' lang='lat' dir='ltr'><strong>Pheretrio</strong></span> <span class='ocrx_word' id='word_1_305' title='bbox 2620 2743 2705 2785; x_wconf 79' lang='lat' dir='ltr'><strong>est</strong></span> 
     </span>
     <span class='ocr_line' id='line_1_32' title="bbox 488 2794 2703 2862; baseline 0.001 -17"><span class='ocrx_word' id='word_1_306' title='bbox 488 2797 542 2845; x_wconf 89' lang='lat' dir='ltr'><strong>in</strong></span> <span class='ocrx_word' id='word_1_307' title='bbox 578 2799 676 2845; x_wconf 86' lang='lat' dir='ltr'><strong>Ed.</strong></span> <span class='ocrx_word' id='word_1_308' title='bbox 700 2811 781 2860; x_wconf 86' lang='lat' dir='ltr'><strong>pr.</strong></span> <span class='ocrx_word' id='word_1_309' title='bbox 814 2805 869 2845; x_wconf 88' lang='lat' dir='ltr'><strong>et</strong></span> <span class='ocrx_word' id='word_1_310' title='bbox 894 2797 944 2843; x_wconf 88' lang='lat' dir='ltr'><strong>in</strong></span> <span class='ocrx_word' id='word_1_311' title='bbox 968 2794 1189 2844; x_wconf 61' lang='lat' dir='ltr'><strong>Alth-5</strong></span> <span class='ocrx_word' id='word_1_312' title='bbox 1214 2797 1230 2824; x_wconf 82' lang='lat'><strong><em>⁴</em></strong></span> <span class='ocrx_word' id='word_1_313' title='bbox 1248 2798 1581 2862; x_wconf 76' lang='lat' dir='ltr'><strong>Antemnates,</strong></span> <span class='ocrx_word' id='word_1_314' title='bbox 1606 2801 1920 2856; x_wconf 83' lang='lat' dir='ltr'><strong>Crustumini,</strong></span> <span class='ocrx_word' id='word_1_315' title='bbox 1962 2800 2242 2862; x_wconf 79' lang='lat' dir='ltr'><strong>Fidenates,</strong></span> <span class='ocrx_word' id='word_1_316' title='bbox 2268 2799 2504 2848; x_wconf 76' lang='lat' dir='ltr'><strong>Veientes.</strong></span> <span class='ocrx_word' id='word_1_317' title='bbox 2569 2798 2703 2848; x_wconf 68' lang='lat' dir='ltr'><strong>Haec</strong></span> 
     </span>
     <span class='ocr_line' id='line_1_33' title="bbox 489 2861 2703 2928; baseline 0.002 -20"><span class='ocrx_word' id='word_1_318' title='bbox 489 2871 716 2925; x_wconf 82' lang='lat' dir='ltr'><strong>quatuor</strong></span> <span class='ocrx_word' id='word_1_319' title='bbox 742 2862 900 2909; x_wconf 79' lang='lat' dir='ltr'><strong>verba</strong></span> <span class='ocrx_word' id='word_1_320' title='bbox 924 2863 977 2909; x_wconf 90' lang='lat' dir='ltr'><strong>in</strong></span> <span class='ocrx_word' id='word_1_321' title='bbox 1001 2861 1236 2908; x_wconf 83' lang='lat' dir='ltr'><strong>omnibus</strong></span> <span class='ocrx_word' id='word_1_322' title='bbox 1265 2864 1454 2909; x_wconf 81' lang='lat' dir='ltr'><strong>nostris</strong></span> <span class='ocrx_word' id='word_1_323' title='bbox 1478 2865 1555 2925; x_wconf 89' lang='lat' dir='ltr'><strong>[in</strong></span> <span class='ocrx_word' id='word_1_324' title='bbox 1589 2866 1687 2913; x_wconf 90' lang='lat' dir='ltr'><strong>Ed.</strong></span> <span class='ocrx_word' id='word_1_325' title='bbox 1712 2882 1790 2928; x_wconf 90' lang='lat' dir='ltr'><strong>pr.</strong></span> <span class='ocrx_word' id='word_1_326' title='bbox 1826 2874 1882 2914; x_wconf 90' lang='lat' dir='ltr'><strong>et</strong></span> <span class='ocrx_word' id='word_1_327' title='bbox 1924 2866 1976 2913; x_wconf 90' lang='lat' dir='ltr'><strong>in</strong></span> <span class='ocrx_word' id='word_1_328' title='bbox 2004 2865 2127 2914; x_wconf 83' lang='lat' dir='ltr'><strong>Ald.</strong></span> <span class='ocrx_word' id='word_1_329' title='bbox 2157 2873 2216 2914; x_wconf 88' lang='lat' dir='ltr'><strong>ut</strong></span> <span class='ocrx_word' id='word_1_330' title='bbox 2240 2878 2349 2925; x_wconf 87' lang='lat' dir='ltr'><strong>seq.</strong></span> <span class='ocrx_word' id='word_1_331' title='bbox 2374 2864 2542 2927; x_wconf 84' lang='lat' dir='ltr'><strong>etiam]</strong></span> <span class='ocrx_word' id='word_1_332' title='bbox 2562 2863 2703 2912; x_wconf 83' lang='lat' dir='ltr'><strong>desi·</strong></span> 
     </span>
     <span class='ocr_line' id='line_1_34' title="bbox 488 2925 2699 2993; baseline 0.002 -20"><span class='ocrx_word' id='word_1_333' title='bbox 488 2929 762 2986; x_wconf 78' lang='lat' dir='ltr'><strong>derantur,</strong></span> <span class='ocrx_word' id='word_1_334' title='bbox 782 2925 936 2974; x_wconf 83' lang='lat' dir='ltr'><strong>fidem</strong></span> <span class='ocrx_word' id='word_1_335' title='bbox 963 2934 1136 2974; x_wconf 85' lang='lat' dir='ltr'><strong>tamen</strong></span> <span class='ocrx_word' id='word_1_336' title='bbox 1159 2926 1361 2974; x_wconf 80' lang='lat' dir='ltr'><strong>schotti</strong></span> <span class='ocrx_word' id='word_1_337' title='bbox 1386 2937 1596 2976; x_wconf 83' lang='lat' dir='ltr'><strong>secutus</strong></span> <span class='ocrx_word' id='word_1_338' title='bbox 1627 2931 1823 2993; x_wconf 85' lang='lat' dir='ltr'><strong>ejicere</strong></span> <span class='ocrx_word' id='word_1_339' title='bbox 1847 2931 2009 2992; x_wconf 89' lang='lat' dir='ltr'><strong>nolui,</strong></span> <span class='ocrx_word' id='word_1_340' title='bbox 2032 2944 2096 2977; x_wconf 87' lang='lat' dir='ltr'><strong>eo</strong></span> <span class='ocrx_word' id='word_1_341' title='bbox 2120 2936 2419 2986; x_wconf 84' lang='lat' dir='ltr'><strong>contentus,</strong></span> <span class='ocrx_word' id='word_1_342' title='bbox 2441 2929 2482 2976; x_wconf 85' lang='lat' dir='ltr'><strong>si</strong></span> <span class='ocrx_word' id='word_1_343' title='bbox 2508 2943 2699 2990; x_wconf 87' lang='lat' dir='ltr'><strong>paren·-</strong></span> 
     </span>
     <span class='ocr_line' id='line_1_35' title="bbox 491 2990 2703 3057; baseline 0.001 -17"><span class='ocrx_word' id='word_1_344' title='bbox 491 2992 623 3041; x_wconf 85' lang='lat' dir='ltr'><strong>thesi</strong></span> <span class='ocrx_word' id='word_1_345' title='bbox 663 2991 1016 3051; x_wconf 80' lang='lat' dir='ltr'><strong>includantur,</strong></span> <span class='ocrx_word' id='word_1_346' title='bbox 1039 3006 1140 3054; x_wconf 84' lang='lat' dir='ltr'><strong>quo</strong></span> <span class='ocrx_word' id='word_1_347' title='bbox 1164 2990 1367 3039; x_wconf 79' lang='lat' dir='ltr'><strong>facilius</strong></span> <span class='ocrx_word' id='word_1_348' title='bbox 1409 2993 1472 3041; x_wconf 84' lang='lat' dir='ltr'><strong>ab</strong></span> <span class='ocrx_word' id='word_1_349' title='bbox 1504 2994 1619 3042; x_wconf 87' lang='lat' dir='ltr'><strong>aliis</strong></span> <span class='ocrx_word' id='word_1_350' title='bbox 1656 2998 1858 3044; x_wconf 75' lang='lat' dir='ltr'><strong>secerni</strong></span> <span class='ocrx_word' id='word_1_351' title='bbox 1897 2993 2128 3057; x_wconf 57' lang='lat' dir='ltr'><strong>possint?</strong></span> <span class='ocrx_word' id='word_1_352' title='bbox 2163 2996 2339 3045; x_wconf 75' lang='lat' dir='ltr'><strong>Arntz.</strong></span> <span class='ocrx_word' id='word_1_353' title='bbox 2408 2994 2536 3040; x_wconf 83' lang='lat' dir='ltr'><strong>Mox</strong></span> <span class='ocrx_word' id='word_1_354' title='bbox 2555 2994 2703 3042; x_wconf 83' lang='lat' dir='ltr'><strong>etiam</strong></span> 
     </span>
     <span class='ocr_line' id='line_1_36' title="bbox 486 3055 2702 3124; baseline 0.002 -19"><span class='ocrx_word' id='word_1_355' title='bbox 486 3058 598 3107; x_wconf 86' lang='lat' dir='ltr'><strong>sine</strong></span> <span class='ocrx_word' id='word_1_356' title='bbox 623 3056 769 3106; x_wconf 84' lang='lat' dir='ltr'><strong>uncis</strong></span> <span class='ocrx_word' id='word_1_357' title='bbox 801 3055 1053 3113; x_wconf 79' lang='lat' dir='ltr'><strong>exhibent</strong></span> <span class='ocrx_word' id='word_1_358' title='bbox 1073 3057 1275 3104; x_wconf 84' lang='lat' dir='ltr'><strong>Schott.</strong></span> <span class='ocrx_word' id='word_1_359' title='bbox 1301 3057 1497 3107; x_wconf 71' lang='lat' dir='ltr'><strong>Gaesi».</strong></span> <span class='ocrx_word' id='word_1_360' title='bbox 1522 3060 1717 3124; x_wconf 84' lang='lat' dir='ltr'><strong>Delph.</strong></span> <span class='ocrx_word' id='word_1_361' title='bbox 1746 3062 1927 3110; x_wconf 86' lang='lat' dir='ltr'><strong>Pitisc.</strong></span> <span class='ocrx_word' id='word_1_362' title='bbox 1995 3059 2206 3109; x_wconf 84' lang='lat' dir='ltr'><strong>Deinde</strong></span> <span class='ocrx_word' id='word_1_363' title='bbox 2226 3059 2285 3107; x_wconf 87' lang='lat' dir='ltr'><strong>ob</strong></span> <span class='ocrx_word' id='word_1_364' title='bbox 2304 3062 2469 3119; x_wconf 82' lang='lat' dir='ltr'><strong>raptas</strong></span> <span class='ocrx_word' id='word_1_365' title='bbox 2485 3058 2702 3119; x_wconf 76' lang='lat' dir='ltr'><strong>virgines</strong></span> 
     </span>
    </p>
   </div>
   <div class='ocr_carea' id='block_1_6' title="bbox 1484 3202 1700 3253">
    <p class='ocr_par' dir='ltr' id='par_1_7' title="bbox 1484 3202 1700 3253">
     <span class='ocr_line' id='line_1_37' title="bbox 1484 3202 1700 3253; baseline 0.005 -1"><span class='ocrx_word' id='word_1_366' title='bbox 1484 3202 1700 3253; x_wconf 82' lang='lat' dir='ltr'><strong>No&#39;rAE</strong></span> 
     </span>
    </p>
   </div>
   <div class='ocr_carea' id='block_1_7' title="bbox 480 3287 2699 3519">
    <p class='ocr_par' dir='ltr' id='par_1_8' title="bbox 480 3287 2699 3519">
     <span class='ocr_line' id='line_1_38' title="bbox 518 3287 2699 3366; baseline -0.001 -14"><span class='ocrx_word' id='word_1_367' title='bbox 518 3287 575 3341; x_wconf 48' lang='lat'><strong>&#39;¹‘</strong></span> <span class='ocrx_word' id='word_1_368' title='bbox 613 3305 797 3353; x_wconf 86' lang='lat' dir='ltr'><strong>Nomen</strong></span> <span class='ocrx_word' id='word_1_369' title='bbox 826 3299 1152 3364; x_wconf 79' lang='lat' dir='ltr'><strong>invocaretur]</strong></span> <span class='ocrx_word' id='word_1_370' title='bbox 1187 3300 1356 3348; x_wconf 88' lang='lat' dir='ltr'><strong>Vetus</strong></span> <span class='ocrx_word' id='word_1_371' title='bbox 1379 3299 1546 3350; x_wconf 83' lang='lat' dir='ltr'><strong>codex</strong></span> <span class='ocrx_word' id='word_1_372' title='bbox 1630 3302 1927 3366; x_wconf 86' lang='lat' dir='ltr'><strong>Capitolino</strong></span> <span class='ocrx_word' id='word_1_373' title='bbox 1950 3308 2146 3350; x_wconf 88' lang='lat' dir='ltr'><strong>monte.</strong></span> <span class='ocrx_word' id='word_1_374' title='bbox 2211 3300 2361 3350; x_wconf 82' lang='lat' dir='ltr'><strong>Tunc</strong></span> <span class='ocrx_word' id='word_1_375' title='bbox 2396 3299 2534 3349; x_wconf 89' lang='lat' dir='ltr'><strong>enim</strong></span> <span class='ocrx_word' id='word_1_376' title='bbox 2571 3314 2699 3349; x_wconf 89' lang='lat' dir='ltr'><strong>non·</strong></span> 
     </span>
     <span class='ocr_line' id='line_1_39' title="bbox 480 3376 2694 3439; baseline -0.001 -10"><span class='ocrx_word' id='word_1_377' title='bbox 480 3395 645 3429; x_wconf 88' lang='lat' dir='ltr'><strong>nomen</strong></span> <span class='ocrx_word' id='word_1_378' title='bbox 666 3380 883 3427; x_wconf 80' lang='lat' dir='ltr'><strong>iteretur.</strong></span> <span class='ocrx_word' id='word_1_379' title='bbox 919 3377 1122 3426; x_wconf 85' lang='lat' dir='ltr'><strong>Schott.</strong></span> <span class='ocrx_word' id='word_1_380' title='bbox 1143 3376 1444 3426; x_wconf 87' lang='lat' dir='ltr'><strong>Iterabatur</strong></span> <span class='ocrx_word' id='word_1_381' title='bbox 1465 3392 1545 3426; x_wconf 89' lang='lat' dir='ltr'><strong>er·</strong></span> <span class='ocrx_word' id='word_1_382' title='bbox 1629 3378 1747 3425; x_wconf 91' lang='lat' dir='ltr'><strong>dum</strong></span> <span class='ocrx_word' id='word_1_383' title='bbox 1773 3386 1887 3426; x_wconf 87' lang='lat' dir='ltr'><strong>erat</strong></span> <span class='ocrx_word' id='word_1_384' title='bbox 1911 3378 2254 3439; x_wconf 78' lang='lat' dir='ltr'><strong>Capitolium3</strong></span> <span class='ocrx_word' id='word_1_385' title='bbox 2291 3376 2367 3426; x_wconf 85' lang='lat' dir='ltr'><strong>sic</strong></span> <span class='ocrx_word' id='word_1_386' title='bbox 2396 3377 2571 3425; x_wconf 80' lang='lat' dir='ltr'><strong>Livius</strong></span> <span class='ocrx_word' id='word_1_387' title='bbox 2604 3376 2694 3426; x_wconf 92' lang='lat' dir='ltr'><strong>lib.</strong></span> 
     </span>
     <span class='ocr_line' id='line_1_40' title="bbox 481 3451 2693 3519; baseline -0.002 -15"><span class='ocrx_word' id='word_1_388' title='bbox 481 3472 566 3519; x_wconf 86' lang='lat' dir='ltr'><strong>go,</strong></span> <span class='ocrx_word' id='word_1_389' title='bbox 601 3451 1261 3513; x_wconf 76' lang='lat' dir='ltr'><strong>‘Thalassie‚&#39;Thalassie‚’</strong></span> <span class='ocrx_word' id='word_1_390' title='bbox 1298 3461 1355 3501; x_wconf 91' lang='lat' dir='ltr'><strong>ut</strong></span> <span class='ocrx_word' id='word_1_391' title='bbox 1396 3452 1546 3516; x_wconf 86' lang='lat' dir='ltr'>‘Hy-</span> <span class='ocrx_word' id='word_1_392' title='bbox 1627 3468 1667 3502; x_wconf 89' lang='lat'><strong>1.</strong></span> <span class='ocrx_word' id='word_1_393' title='bbox 1718 3453 1934 3517; x_wconf 85' lang='lat' dir='ltr'><strong>‘Spolia</strong></span> <span class='ocrx_word' id='word_1_394' title='bbox 1969 3455 2118 3502; x_wconf 87' lang='lat' dir='ltr'><strong>ducis</strong></span> <span class='ocrx_word' id='word_1_395' title='bbox 2157 3453 2381 3502; x_wconf 87' lang='lat' dir='ltr'><strong>hostium</strong></span> <span class='ocrx_word' id='word_1_396' title='bbox 2423 3453 2545 3501; x_wconf 87' lang='lat' dir='ltr'><strong>caesi</strong></span> <span class='ocrx_word' id='word_1_397' title='bbox 2582 3467 2693 3501; x_wconf 86' lang='lat' dir='ltr'><strong>sus-</strong></span> 
     </span>
    </p>
   </div>
   <div class='ocr_carea' id='block_1_8' title="bbox 472 3528 1545 4361">
    <p class='ocr_par' dir='ltr' id='par_1_9' title="bbox 481 3528 1022 3595">
     <span class='ocr_line' id='line_1_41' title="bbox 481 3528 1022 3595; baseline -0.011 -14"><span class='ocrx_word' id='word_1_398' title='bbox 481 3548 622 3595; x_wconf 90' lang='lat' dir='ltr'><strong>men,</strong></span> <span class='ocrx_word' id='word_1_399' title='bbox 641 3531 689 3580; x_wconf 92' lang='lat' dir='ltr'>O</span> <span class='ocrx_word' id='word_1_400' title='bbox 715 3528 1022 3592; x_wconf 60' lang='lat' dir='ltr'><strong>hymenaee?</strong></span> 
     </span>
    </p>

    <p class='ocr_par' dir='ltr' id='par_1_10' title="bbox 483 3605 1545 3733">
     <span class='ocr_line' id='line_1_42' title="bbox 543 3605 1545 3671; baseline -0.002 -15"><span class='ocrx_word' id='word_1_401' title='bbox 543 3608 555 3641; x_wconf 92' lang='lat'>¹</span> <span class='ocrx_word' id='word_1_402' title='bbox 595 3605 922 3665; x_wconf 83' lang='lat' dir='ltr'><strong>Coeninenses]</strong></span> <span class='ocrx_word' id='word_1_403' title='bbox 958 3605 1148 3668; x_wconf 86' lang='lat' dir='ltr'><strong>Populi</strong></span> <span class='ocrx_word' id='word_1_404' title='bbox 1188 3606 1241 3654; x_wconf 90' lang='lat' dir='ltr'><strong>in</strong></span> <span class='ocrx_word' id='word_1_405' title='bbox 1274 3605 1423 3654; x_wconf 86' lang='lat' dir='ltr'><strong>Latio</strong></span> <span class='ocrx_word' id='word_1_406' title='bbox 1459 3607 1545 3671; x_wconf 86' lang='lat' dir='ltr'><strong>qui</strong></span> 
     </span>
     <span class='ocr_line' id='line_1_43' title="bbox 483 3677 1173 3733; baseline -0.004 0"><span class='ocrx_word' id='word_1_407' title='bbox 483 3684 746 3733; x_wconf 81' lang='lat' dir='ltr'><strong>Caeninam</strong></span> <span class='ocrx_word' id='word_1_408' title='bbox 772 3684 952 3732; x_wconf 87' lang='lat' dir='ltr'><strong>urbem</strong></span> <span class='ocrx_word' id='word_1_409' title='bbox 963 3677 1173 3730; x_wconf 62' lang='lat' dir='ltr'><strong>:colunn</strong></span> 
     </span>
    </p>

    <p class='ocr_par' dir='ltr' id='par_1_11' title="bbox 475 3760 1544 3966">
     <span class='ocr_line' id='line_1_44' title="bbox 556 3760 1544 3827; baseline -0.002 -15"><span class='ocrx_word' id='word_1_410' title='bbox 556 3771 593 3798; x_wconf 81' lang='lat'><strong>¹¹¹</strong></span> <span class='ocrx_word' id='word_1_411' title='bbox 630 3763 791 3827; x_wconf 81' lang='lat' dir='ltr'><strong>Spolia</strong></span> <span class='ocrx_word' id='word_1_412' title='bbox 844 3760 1024 3825; x_wconf 83' lang='lat' dir='ltr'><strong>opima]</strong></span> <span class='ocrx_word' id='word_1_413' title='bbox 1090 3761 1179 3810; x_wconf 87' lang='lat' dir='ltr'><strong>Sic</strong></span> <span class='ocrx_word' id='word_1_414' title='bbox 1234 3760 1544 3810; x_wconf 81' lang='lat' dir='ltr'><strong>dicebantur</strong></span> 
     </span>
     <span class='ocr_line' id='line_1_45' title="bbox 478 3838 1543 3904; baseline -0.001 -15"><span class='ocrx_word' id='word_1_415' title='bbox 478 3840 645 3904; x_wconf 87' lang='lat' dir='ltr'><strong>spolia</strong></span> <span class='ocrx_word' id='word_1_416' title='bbox 690 3856 801 3904; x_wconf 85' lang='lat' dir='ltr'><strong>quae</strong></span> <span class='ocrx_word' id='word_1_417' title='bbox 845 3840 949 3887; x_wconf 85' lang='lat' dir='ltr'><strong>dux</strong></span> <span class='ocrx_word' id='word_1_418' title='bbox 992 3838 1213 3886; x_wconf 88' lang='lat' dir='ltr'><strong>hostium</strong></span> <span class='ocrx_word' id='word_1_419' title='bbox 1257 3838 1375 3886; x_wconf 87' lang='lat' dir='ltr'><strong>duci</strong></span> <span class='ocrx_word' id='word_1_420' title='bbox 1418 3854 1448 3888; x_wconf 88' lang='lat' dir='ltr'><strong>a</strong></span> <span class='ocrx_word' id='word_1_421' title='bbox 1487 3853 1543 3888; x_wconf 87' lang='lat' dir='ltr'><strong>se</strong></span> 
     </span>
     <span class='ocr_line' id='line_1_46' title="bbox 475 3917 1100 3966; baseline -0.008 0"><span class='ocrx_word' id='word_1_422' title='bbox 475 3918 758 3966; x_wconf 88' lang='lat' dir='ltr'><strong>interfecto</strong></span> <span class='ocrx_word' id='word_1_423' title='bbox 781 3917 1100 3965; x_wconf 80' lang='lat' dir='ltr'><strong>detraxerat.</strong></span> 
     </span>
    </p>

    <p class='ocr_par' dir='ltr' id='par_1_12' title="bbox 472 3988 1542 4286">
     <span class='ocr_line' id='line_1_47' title="bbox 540 3988 1541 4054; baseline -0.003 -12"><span class='ocrx_word' id='word_1_424' title='bbox 540 4001 564 4025; x_wconf 86' lang='lat'><strong>¹¹</strong></span> <span class='ocrx_word' id='word_1_425' title='bbox 596 3996 710 4042; x_wconf 81' lang='lat' dir='ltr'><strong>Jovi</strong></span> <span class='ocrx_word' id='word_1_426' title='bbox 751 3991 991 4054; x_wconf 82' lang='lat' dir='ltr'><strong>Feretrio]</strong></span> <span class='ocrx_word' id='word_1_427' title='bbox 1037 3990 1081 4038; x_wconf 87' lang='grc' dir='ltr'>Α</span> <span class='ocrx_word' id='word_1_428' title='bbox 1121 3988 1357 4050; x_wconf 85' lang='lat' dir='ltr'><strong>ferendo,</strong></span> <span class='ocrx_word' id='word_1_429' title='bbox 1392 3990 1473 4038; x_wconf 89' lang='lat' dir='ltr'><strong>vel</strong></span> <span class='ocrx_word' id='word_1_430' title='bbox 1510 4005 1541 4039; x_wconf 88' lang='lat' dir='ltr'><strong>a</strong></span> 
     </span>
     <span class='ocr_line' id='line_1_48' title="bbox 475 4064 1537 4125; baseline -0.002 -9"><span class='ocrx_word' id='word_1_431' title='bbox 475 4068 732 4125; x_wconf 87' lang='lat' dir='ltr'><strong>feriendo,</strong></span> <span class='ocrx_word' id='word_1_432' title='bbox 768 4069 850 4116; x_wconf 85' lang='lat' dir='ltr'><strong>vel</strong></span> <span class='ocrx_word' id='word_1_433' title='bbox 889 4067 1047 4115; x_wconf 84' lang='lat' dir='ltr'><strong>etiam</strong></span> <span class='ocrx_word' id='word_1_434' title='bbox 1085 4081 1116 4114; x_wconf 94' lang='lat' dir='ltr'><strong>a</strong></span> <span class='ocrx_word' id='word_1_435' title='bbox 1152 4064 1350 4115; x_wconf 80' lang='lat' dir='ltr'><strong>feretro</strong></span> <span class='ocrx_word' id='word_1_436' title='bbox 1385 4067 1537 4114; x_wconf 86' lang='lat' dir='ltr'><strong>Fere-</strong></span> 
     </span>
     <span class='ocr_line' id='line_1_49' title="bbox 475 4139 1542 4206; baseline -0.002 -13"><span class='ocrx_word' id='word_1_437' title='bbox 475 4149 601 4193; x_wconf 87' lang='lat' dir='ltr'><strong>trius</strong></span> <span class='ocrx_word' id='word_1_438' title='bbox 642 4145 810 4192; x_wconf 83' lang='lat' dir='ltr'><strong>dictus</strong></span> <span class='ocrx_word' id='word_1_439' title='bbox 851 4151 952 4202; x_wconf 89' lang='lat' dir='ltr'><strong>est,</strong></span> <span class='ocrx_word' id='word_1_440' title='bbox 980 4142 1111 4206; x_wconf 72' lang='lat' dir='ltr'><strong>‚quia</strong></span> <span class='ocrx_word' id='word_1_441' title='bbox 1147 4141 1197 4189; x_wconf 91' lang='lat' dir='ltr'><strong>in</strong></span> <span class='ocrx_word' id='word_1_442' title='bbox 1244 4139 1441 4192; x_wconf 83' lang='lat' dir='ltr'><strong>feretro</strong></span> <span class='ocrx_word' id='word_1_443' title='bbox 1477 4157 1542 4191; x_wconf 86' lang='lat' dir='ltr'><strong>ea</strong></span> 
     </span>
     <span class='ocr_line' id='line_1_50' title="bbox 472 4220 1438 4286; baseline -0.009 -16"><span class='ocrx_word' id='word_1_444' title='bbox 472 4223 639 4286; x_wconf 83' lang='lat' dir='ltr'><strong>spolia</strong></span> <span class='ocrx_word' id='word_1_445' title='bbox 663 4220 985 4269; x_wconf 84' lang='lat' dir='ltr'><strong>ferebantur.</strong></span> <span class='ocrx_word' id='word_1_446' title='bbox 1432 4267 1438 4278; x_wconf 51' lang='grc'><em>,</em></span> 
     </span>
    </p>

    <p class='ocr_par' dir='ltr' id='par_1_13' title="bbox 540 4295 1538 4361">
     <span class='ocr_line' id='line_1_51' title="bbox 540 4295 1538 4361; baseline -0.001 -14"><span class='ocrx_word' id='word_1_447' title='bbox 540 4307 563 4331; x_wconf 86' lang='lat'><strong>⁰</strong></span> <span class='ocrx_word' id='word_1_448' title='bbox 599 4298 656 4347; x_wconf 89' lang='lat' dir='ltr'><strong>In</strong></span> <span class='ocrx_word' id='word_1_449' title='bbox 686 4296 949 4361; x_wconf 81' lang='lat' dir='ltr'><strong>Capitolio]</strong></span> <span class='ocrx_word' id='word_1_450' title='bbox 996 4296 1140 4346; x_wconf 82' lang='lat' dir='ltr'><strong>Nota</strong></span> <span class='ocrx_word' id='word_1_451' title='bbox 1170 4295 1409 4359; x_wconf 84' lang='lat' dir='ltr'><strong>Capitolio</strong></span> <span class='ocrx_word' id='word_1_452' title='bbox 1442 4312 1538 4361; x_wconf 91' lang='lat' dir='ltr'><strong>pro</strong></span> 
     </span>
    </p>
   </div>
   <div class='ocr_carea' id='block_1_9' title="bbox 1620 3525 2693 4346">
    <p class='ocr_par' dir='ltr' id='par_1_14' title="bbox 1628 3525 2693 3670">
     <span class='ocr_line' id='line_1_52' title="bbox 1628 3525 2693 3593; baseline -0.001 -15"><span class='ocrx_word' id='word_1_453' title='bbox 1628 3544 1811 3593; x_wconf 84' lang='lat' dir='ltr'><strong>pensa,</strong></span> <span class='ocrx_word' id='word_1_454' title='bbox 1848 3530 2102 3578; x_wconf 83' lang='lat' dir='ltr'><strong>fabricato</strong></span> <span class='ocrx_word' id='word_1_455' title='bbox 2140 3529 2204 3578; x_wconf 88' lang='lat' dir='ltr'><strong>ad</strong></span> <span class='ocrx_word' id='word_1_456' title='bbox 2241 3527 2291 3576; x_wconf 90' lang='lat' dir='ltr'><strong>id</strong></span> <span class='ocrx_word' id='word_1_457' title='bbox 2331 3535 2454 3590; x_wconf 86' lang='lat' dir='ltr'><strong>apte</strong></span> <span class='ocrx_word' id='word_1_458' title='bbox 2492 3525 2693 3577; x_wconf 86' lang='lat' dir='ltr'><strong>ferculo</strong></span> 
     </span>
     <span class='ocr_line' id='line_1_53' title="bbox 1629 3603 2531 3670; baseline -0.002 -15"><span class='ocrx_word' id='word_1_459' title='bbox 1629 3622 1818 3670; x_wconf 85' lang='lat' dir='ltr'><strong>gerens</strong></span> <span class='ocrx_word' id='word_1_460' title='bbox 1842 3608 1893 3655; x_wconf 91' lang='lat' dir='ltr'><strong>in</strong></span> <span class='ocrx_word' id='word_1_461' title='bbox 1921 3607 2233 3669; x_wconf 87' lang='lat' dir='ltr'><strong>Capitolium</strong></span> <span class='ocrx_word' id='word_1_462' title='bbox 2258 3603 2531 3654; x_wconf 63' lang='lat' dir='ltr'><strong>ascendit!</strong></span> 
     </span>
    </p>

    <p class='ocr_par' dir='ltr' id='par_1_15' title="bbox 1628 3679 2691 3808">
     <span class='ocr_line' id='line_1_54' title="bbox 1692 3679 2691 3744; baseline -0.002 -12"><span class='ocrx_word' id='word_1_463' title='bbox 1692 3690 1717 3725; x_wconf 72' lang='grc' dir='ltr'><strong>Ρ</strong></span> <span class='ocrx_word' id='word_1_464' title='bbox 1749 3681 2086 3744; x_wconf 77' lang='lat' dir='ltr'><strong>Antemnates]</strong></span> <span class='ocrx_word' id='word_1_465' title='bbox 2122 3682 2187 3730; x_wconf 91' lang='lat' dir='ltr'><strong>In</strong></span> <span class='ocrx_word' id='word_1_466' title='bbox 2223 3681 2427 3730; x_wconf 81' lang='lat' dir='ltr'><strong>Sabinis</strong></span> <span class='ocrx_word' id='word_1_467' title='bbox 2449 3683 2534 3729; x_wconf 85' lang='grc'><strong>40.</strong></span> <span class='ocrx_word' id='word_1_468' title='bbox 2557 3679 2691 3730; x_wconf 80' lang='lat' dir='ltr'><strong>stad.</strong></span> 
     </span>
     <span class='ocr_line' id='line_1_55' title="bbox 1628 3758 2049 3808; baseline -0.005 0"><span class='ocrx_word' id='word_1_469' title='bbox 1628 3758 1694 3808; x_wconf 86' lang='lat' dir='ltr'><strong>ab</strong></span> <span class='ocrx_word' id='word_1_470' title='bbox 1720 3760 1845 3807; x_wconf 90' lang='lat' dir='ltr'><strong>urbe</strong></span> <span class='ocrx_word' id='word_1_471' title='bbox 1868 3758 2049 3807; x_wconf 89' lang='lat' dir='ltr'><strong>Roma.</strong></span> 
     </span>
    </p>

    <p class='ocr_par' dir='ltr' id='par_1_16' title="bbox 1694 3830 2588 3897">
     <span class='ocr_line' id='line_1_56' title="bbox 1694 3830 2588 3897; baseline -0.006 -13"><span class='ocrx_word' id='word_1_472' title='bbox 1694 3844 1717 3877; x_wconf 74' lang='lat'><strong>&lt;¹</strong></span> <span class='ocrx_word' id='word_1_473' title='bbox 1752 3833 2076 3897; x_wconf 81' lang='lat' dir='ltr'><strong>Crustumini]</strong></span> <span class='ocrx_word' id='word_1_474' title='bbox 2113 3833 2176 3881; x_wconf 90' lang='lat' dir='ltr'><strong>In</strong></span> <span class='ocrx_word' id='word_1_475' title='bbox 2197 3830 2378 3881; x_wconf 86' lang='lat' dir='ltr'><strong>Latio:</strong></span> <span class='ocrx_word' id='word_1_476' title='bbox 2417 3843 2588 3894; x_wconf 84' lang='lat' dir='ltr'><strong>supra.</strong></span> 
     </span>
    </p>

    <p class='ocr_par' dir='ltr' id='par_1_17' title="bbox 1622 3905 2687 4037">
     <span class='ocr_line' id='line_1_57' title="bbox 1689 3905 2687 3975; baseline -0.008 -13"><span class='ocrx_word' id='word_1_477' title='bbox 1689 3917 1710 3943; x_wconf 55' lang='grc' dir='ltr'><strong><em>Τ</em></strong></span> <span class='ocrx_word' id='word_1_478' title='bbox 1733 3912 2019 3975; x_wconf 83' lang='lat' dir='ltr'><strong>Fidenates]</strong></span> <span class='ocrx_word' id='word_1_479' title='bbox 2045 3910 2103 3958; x_wconf 78' lang='lat' dir='ltr'><strong>In</strong></span> <span class='ocrx_word' id='word_1_480' title='bbox 2123 3908 2273 3956; x_wconf 89' lang='lat' dir='ltr'><strong>Latio</strong></span> <span class='ocrx_word' id='word_1_481' title='bbox 2290 3911 2443 3956; x_wconf 79' lang='lat' dir='ltr'><strong>sexto</strong></span> <span class='ocrx_word' id='word_1_482' title='bbox 2460 3907 2527 3955; x_wconf 86' lang='lat' dir='ltr'><strong>ab</strong></span> <span class='ocrx_word' id='word_1_483' title='bbox 2542 3905 2687 3955; x_wconf 83' lang='lat' dir='ltr'><strong>Urbe</strong></span> 
     </span>
     <span class='ocr_line' id='line_1_58' title="bbox 1622 3988 1881 4037; baseline 0.004 -1"><span class='ocrx_word' id='word_1_484' title='bbox 1622 3988 1881 4037; x_wconf 84' lang='lat' dir='ltr'><strong>milliario.</strong></span> 
     </span>
    </p>

    <p class='ocr_par' dir='ltr' id='par_1_18' title="bbox 1620 4059 2685 4346">
     <span class='ocr_line' id='line_1_59' title="bbox 1692 4059 2685 4127; baseline -0.004 -15"><span class='ocrx_word' id='word_1_485' title='bbox 1692 4072 1710 4096; x_wconf 81' lang='lat'>⁸</span> <span class='ocrx_word' id='word_1_486' title='bbox 1752 4062 1997 4127; x_wconf 81' lang='lat' dir='ltr'><strong>Veientes]</strong></span> <span class='ocrx_word' id='word_1_487' title='bbox 2031 4063 2096 4112; x_wconf 89' lang='lat' dir='ltr'><strong>In</strong></span> <span class='ocrx_word' id='word_1_488' title='bbox 2115 4062 2264 4112; x_wconf 87' lang='lat' dir='ltr'><strong>Latio</strong></span> <span class='ocrx_word' id='word_1_489' title='bbox 2281 4074 2449 4110; x_wconf 80' lang='lat' dir='ltr'><strong>xvru.</strong></span> <span class='ocrx_word' id='word_1_490' title='bbox 2471 4059 2599 4109; x_wconf 88' lang='lat' dir='ltr'><strong>mill.</strong></span> <span class='ocrx_word' id='word_1_491' title='bbox 2620 4059 2685 4108; x_wconf 82' lang='lat' dir='ltr'><strong>ab</strong></span> 
     </span>
     <span class='ocr_line' id='line_1_60' title="bbox 1622 4141 1787 4191; baseline -0.006 0"><span class='ocrx_word' id='word_1_492' title='bbox 1622 4141 1787 4191; x_wconf 85' lang='lat' dir='ltr'><strong>Urbe.</strong></span> 
     </span>
     <span class='ocr_line' id='line_1_61' title="bbox 1686 4215 2684 4285; baseline -0.006 -17"><span class='ocrx_word' id='word_1_493' title='bbox 1686 4221 1702 4251; x_wconf 76' lang='lat'>‘</span> <span class='ocrx_word' id='word_1_494' title='bbox 1734 4220 1932 4285; x_wconf 85' lang='lat' dir='ltr'><strong>Sabini]</strong></span> <span class='ocrx_word' id='word_1_495' title='bbox 1986 4219 2137 4270; x_wconf 84' lang='lat' dir='ltr'><strong>Inter</strong></span> <span class='ocrx_word' id='word_1_496' title='bbox 2175 4216 2449 4268; x_wconf 87' lang='lat' dir='ltr'><strong>Umbriam</strong></span> <span class='ocrx_word' id='word_1_497' title='bbox 2492 4222 2548 4265; x_wconf 92' lang='lat' dir='ltr'><strong>et</strong></span> <span class='ocrx_word' id='word_1_498' title='bbox 2586 4215 2684 4263; x_wconf 79' lang='lat' dir='ltr'><strong>La-</strong></span> 
     </span>
     <span class='ocr_line' id='line_1_62' title="bbox 1620 4295 2569 4346; baseline -0.002 -2"><span class='ocrx_word' id='word_1_499' title='bbox 1620 4295 1764 4346; x_wconf 85' lang='lat' dir='ltr'><strong>tium.</strong></span> <span class='ocrx_word' id='word_1_500' title='bbox 2557 4310 2569 4322; x_wconf 68' lang='lat'><strong><em>¹</em></strong></span> 
     </span>
    </p>
   </div>
  </div>
 </body>
</html>
