3023 4942
2460 364 2555 433 89

336 531 638 596 Sabinos
696 539 1086 606 navaverat,
1140 548 1259 592 rex
1307 533 1593 602 creatuS,
1633 529 1889 593 bellum
1945 527 2228 592 Albanis
2276 528 2551 604 indixit,

336 635 523 717 quod
591 634 1085 716 trigeminorum
1130 634 1489 696 certamine
1537 632 1771 696 finivit.
1863 631 1929 694 2.
1977 631 2221 694 Albam
2273 638 2554 713 propter

335 739 692 819 perfidiam
724 736 750 774 ι’
792 738 984 801 ducis
1038 738 1233 801 Metii
1284 737 1539 801 Fufetii
1598 736 1829 799 diruit:
1895 735 2202 799 Albanos
2254 732 2548 819 Romam

334 842 677 904 transire⁰
709 839 939 923 jussit.
1013 839 1074 902 3.
1121 837 1391 903 Curiam
1426 838 1847 902 Hostiliam<¹
1891 836 2262 902 constituit.
2351 834 2548 899 Mon-

332 946 473 1005 tem
495 941 831 1007 Coelium⁸
874 939 1046 1005 Urbi
1087 941 1372 1005 addidit.
1458 942 1525 1004 4.
1572 941 1664 1005 Et
1700 941 1858 1004 dum
1891 940 2191 1004 Numam
2222 939 2548 1024 Pompili-

324 1061 446 1107 um
464 1039 488 1077 f
530 1044 883 1109 sacrificiis
913 1044 1237 1120 imitatur,
1264 1043 1310 1107 J
1317 1045 1428 1109 ovi
1460 1044 1677 1108 Elicio
1700 1051 1727 1089 Β
1769 1043 1966 1107 litare
1992 1061 2120 1118 non
2150 1043 2394 1126 potuit,
2418 1042 2544 1106 ful-

330 1145 520 1218 mine
551 1146 725 1210 ictus
757 1165 909 1210 cum
938 1146 1127 1228 regia
1159 1145 1618 1228 conflagravit.

803 386 900 432 DE
949 384 1163 433 VIRIS
1214 382 1728 433 ILLUSTRlBUS
1790 383 1962 431 oAP.
2015 383 2117 430 lv.

1255 1294 1285 1314 O
1290 1292 1529 1314 „0000”
1534 1292 1622 1313 Cn

329 1399 474 1450 Vide
495 1409 607 1450 not.
630 1402 822 1466 Delph.
843 1400 938 1450 inf.
958 1403 1163 1452 Schott.
1182 1408 1405 1452 testatur
1420 1403 1637 1454 Mediol.
1660 1404 1835 1465 legere
1859 1408 2077 1453 navarat.
2111 1403 2241 1452 Mox
2261 1403 2557 1466 tergemino-¹

328 1479 440 1514 rum
466 1467 687 1517 Mediol.
709 1477 765 1517 et
790 1469 935 1516 Leid.
961 1474 1006 1516 l.
1038 1477 1158 1516 test.
1177 1470 1378 1518 Schott.
1400 1480 1454 1518 et
1479 1468 1662 1517 Arntz.
1687 1477 1796 1518 tum
1835 1484 1927 1531 pro
1945 1470 2203 1519 certamine
2226 1469 2417 1517 habent
2440 1482 2541 1516 cer-

328 1532 519 1579 tatione
541 1534 740 1581 Schott.
767 1532 963 1581 Gaesb.
985 1534 1176 1595 Delph.
1202 1536 1386 1583 Pitisc.
1458 1536 1473 1562 ‘
1504 1536 1780 1583 certatione
1812 1537 1963 1583 etiam
1997 1542 2079 1583 est
2112 1534 2163 1582 in
2197 1532 2360 1596 Lugd.
2399 1537 2447 1581 2.
2486 1538 2544 1581 et

319 1602 444 1644 ant.
469 1596 599 1645 edit.
622 1597 807 1659 reliqui
847 1599 1024 1660 scripti
1061 1609 1116 1646 et
1152 1599 1278 1648 editi
1310 1600 1584 1657 certamine,
1611 1602 1743 1662 quod
1770 1600 1891 1648 mihi
1917 1599 2121 1664 quidem
2146 1602 2308 1662 magis
2333 1595 2550 1661 placet!

327 1658 618 1709 Arnim—2
658 1667 673 1691 ‘
694 1662 975 1726 Perfidiam.
1045 1664 1377 1713 Proditionem
1398 1666 1555 1712 habet
1579 1665 1845 1713 Parisinus
1871 1674 1925 1713 et
1952 1664 2366 1727 Agrippinensis.
2437 1661 2543 1711 Sed

329 1738 452 1786 quaa
477 1726 659 1774 isthae'c
682 1727 1035 1776 commutandi
1062 1728 1314 1777 audacia?
1349 1737 1576 1777 veterem
1602 1731 1915 1791 scripturam
1936 1728 2170 1779 retineo.’
2207 1728 2394 1778 Schott.
2458 1726 2548 1775 Fi·

325 1788 458 1837 nivit
490 1796 538 1840 et
575 1792 746 1840 Albam
777 1793 979 1842 Schott.
1015 1793 1211 1843 Gaesb.
1244 1794 1438 1859 Delph.
1470 1797 1656 1844 Pitisc.
1690 1794 1894 1907 Sffetii
1932 1795 2032 1843 Ed.
2068 1810 2148 1857 pr.
2196 1792 2399 1858 Suffecii
2423 1790 2544 1867 ᾼΙό.

326 1853 462 1902 Mox
486 1855 697 1905 Albanos
728 1858 873 1905 etiam
910 1858 1008 1905 Ed.
1046 1863 1221 1921 pru—3
1256 1859 1355 1908 Ed.
1384 1874 1463 1921 pr.
1503 1861 1698 1908 Cariam
1787 1865 1951 1907 ostam.
2016 1859 2146 1907 Turn
2184 1858 2199 1883 ‘
2224 1874 2319 1920 pro
2346 1857 2546 1905 Coelzum

317 1918 422 1966 alii
465 1920 688 1976 Coelium,
727 1932 780 1971 et
826 1924 1024 1986 absque
1071 1923 1393 1985 diphthongo
1436 1926 1564 1974 Mss.
1611 1924 1808 1974 nostri.’
1853 1924 2140 1972 Scitam—4
2185 1921 2446 1986 Sacrificii,
2485 1928 2548 1970 ut

323 1982 541 2035 Schott.
564 1988 640 2036 ait
664 1987 949 2037 Parisinus.
1016 1988 1146 2039 Tum
1176 1989 1276 2038 Ed.
1300 2005 1379 2055 pr.
1411 1989 1703 2042 imitaretur.
1772 1990 1901 2039 Mox
1928 1989 2080 2038 Elicio
2114 1987 2215 2038 Ed.
2238 2002 2319 2052 pr.
2349 1989 2364 2015 ‘
2391 1987 2455 2036 B.
2480 1986 2543 2037 F.

1325 2108 1542 2159 No'rAE

392 2207 419 2234 ⁸
444 2200 573 2256 Qaia
591 2200 754 2251 bonam
771 2218 962 2266 operam
980 2204 1254 2268 adversum]
1282 2205 1394 2267 op-

326 2276 458 2326 time
491 2278 615 2326 viris
655 2278 824 2329 doctis
858 2286 1161 2330 annotatum
1201 2283 1281 2331 hic
1323 2284 1393 2329 le·

326 2353 553 2418 gendum
576 2355 689 2418 qaia
709 2372 825 2405 avus
845 2358 945 2418 ejus
967 2358 1150 2415 bonam,
1168 2362 1249 2422 ᾃτ.
1287 2359 1393 2409 Ne·

325 2444 427 2495 que
450 2432 589 2481 enim
614 2432 681 2482 de
702 2433 852 2482 Tullo
878 2433 1107 2483 Hostilio
1136 2434 1276 2499 loqui
1302 2449 1391 2498 po·

326 2515 434 2556 test
457 2510 680 2569 Victor3
716 2511 807 2558 sed
846 2511 911 2559 de
946 2525 1044 2560 avo
1080 2512 1186 2575 ejus
1220 2512 1391 2561 Hosto

325 2585 578 2648 Hostilio,
620 2587 706 2651 qui
744 2596 926 2636 contra
968 2588 1184 2637 Sabinos
1214 2589 1405 2648 fortis·‚

326 2663 453 2712 sime
491 2664 743 2713 dimicans
784 2665 993 2714 cecidit.
1059 2666 1173 2714 Liv.
1219 2681 1262 2715 1.
1306 2669 1388 2715 22.

324 2737 553 2789 ‘Numae
594 2748 760 2788 morte
802 2739 868 2789 ad
909 2742 1263 2804 interregnum
1308 2758 1391 2792 res

321 2814 514 2875 .rediit;
563 2814 685 2864 inde
718 2816 923 2865 Tullum
958 2816 1260 2879 Hostilium,
1298 2833 1389 2867 ne-

324 2896 503 2951 potem
537 2890 773 2952 Hostilii,
796 2893 943 2956 cujns
977 2894 1028 2940 in
1058 2893 1231 2942 infima
1267 2909 1387 2944 arce

322 2965 465 3014 clara
483 2980 658 3028 pugna
681 2967 931 3034 adiget-sus
951 2969 1173 3019 Sabinos
1195 2968 1388 3027 fuerat,

322 3056 500 3105 regem
528 3045 750 3105 populus
765 3043 960 3107 jussit.’

383 3118 409 3152 ὓ
445 3120 655 3183 Propter
710 3121 983 3187 perfidiam]
1047 3122 1186 3172 Vide
1248 3122 1389 3174 infra

322 3192 521 3245 Metius
545 3196 807 3246 Fufetius.
834 3198 987 3246 Varr.
1015 3197 1081 3247 de
1115 3200 1225 3248 vita
1246 3198 1385 3262 Pop.

319 3269 469 3320 Rom.
493 3272 581 3320 lib.
603 3286 643 3320 1.
666 3280 680 3301 ⁸
699 3274 918 3321 Metium
942 3271 1203 3324 Fufetium
1226 3289 1385 3340 prop-

320 3354 403 3396 ter
427 3348 699 3410 perfidiam
722 3347 1030 3405 interfecit,’
1051 3353 1151 3400 ὅτε.

381 3431 404 3458 ⁶
438 3423 649 3474 Albanos
678 3426 880 3474 Romam
910 3427 1145 3490 transire]
1181 3426 1320 3477 Flor.
1343 3441 1383 3476 1.

318 3504 367 3548 3.
386 3503 401 3528 ‘
421 3500 714 3565 Albamque
735 3502 920 3565 ipsam,
944 3503 1177 3566 quamvis
1199 3517 1383 3567 paren-

317 3582 443 3638 tem,
457 3578 695 3626 aemnlam
715 3585 890 3626 tamen
912 3577 1089 3636 diruit,
1107 3592 1221 3627 cum
1242 3580 1383 3641 prius

316 3665 493 3701 omnes
515 3666 641 3716 opes
664 3653 1106 3718 tnrbi5‚ipsumque
1129 3655 1382 3719 populum

312 3726 531 3776 Romam
556 3727 949 3779 transtulisset.'
1153 3782 1157 3787 ,

378 3803 403 3838 ‘¹
441 3805 641 3854 Cariam
679 3805 969 3868 Hostiliam]
1020 3805 1129 3856 Ubi
1166 3815 1380 3856 senatus

316 3895 399 3930 res
422 3881 672 3930 humanas
692 3884 931 3931 curabat.
980 3883 1137 3932 Varr.
1169 3883 1235 3932 de
1258 3885 1381 3933 L.L.

302 3956 407 4011 lib.
451 3970 532 4005 tv.
586 3956 793 4006 ‘Curiae
837 3957 1050 4006 duorum
1110 3973 1379 4022 generum.

314 4031 451 4082 Nam
485 4039 541 4081 et
574 4033 664 4083 ubi
696 4040 941 4082 curarent
967 4035 1267 4099 sacerdotes
1295 4050 1376 4084 res

317 4098 550 4167 d'ivinas3
596 4115 657 4156 ut
689 4107 861 4173 Curiae
889 4109 1151 4157 Veteres:
1196 4116 1253 4159 et
1286 4110 1379 4160 ubi

317 4189 528 4234 senatus
549 4181 832 4242 humanas;
867 4188 926 4232 ut
949 4183 1107 4235 Curia
1130 4185 1375 4248 Hostilia,
1407 4196 1415 4203 ·

314 4258 448 4324 quod
474 4256 671 4325 primus
692 4258 973 4310 aedificavit
990 4259 1246 4312 Hostilius
1264 4276 1377 4329 rex.

1477 2206 1619 2255 Ante
1642 2206 1774 2255 hanc
1798 2206 2000 2262 rostra,’
2024 2208 2121 2256 διο.

1539 2289 1562 2315 0
1586 2283 1801 2330 Mentem
1823 2280 2045 2343 Coelium]
2080 2282 2247 2331 Quem
2267 2280 2453 2330 Strabo
2474 2282 2539 2333 ab

1475 2357 1625 2407 Anco
1666 2359 1893 2418 Marcio,
1935 2357 2152 2405 Tacitus
2189 2372 2220 2405 a
2262 2358 2539 2422 Tarquinio

1472 2434 1662 2484 Prisco
1699 2434 1829 2483 Urbi
1869 2433 2102 2482 additum
2145 2432 2407 2496 scribunt3
2447 2436 2555 2503 sed¹

1472 2525 1589 2560 cum
1613 2511 1829 2558 Victore
1855 2508 1982 2557 facit
2007 2509 2181 2557 Livius
2203 2522 2241 2559 1.
2266 2513 2348 2558 30.
2384 2509 2399 2536 ‘
2423 2510 2539 2558 Coe-

1472 2587 1570 2635 lius
1610 2586 1821 2634 additur
1844 2585 1975 2633 Urbi
2008 2599 2168 2647 mons,
2202 2591 2259 2634 et
2289 2599 2391 2650 quo
2430 2585 2553 2637 fre-.

1473 2666 1718 2727 quentius
1737 2663 2078 2720 habitaretur,
2093 2677 2204 2711 eam
2223 2662 2398 2712 sedern
2413 2663 2539 2712 Tul-

1468 2741 1548 2788 lus
1573 2742 1730 2803 regiae
1753 2739 1932 2804 capit?

1536 2815 1559 2848 f
1585 2819 1717 2867 Dum
1752 2819 1965 2866 Numam
2001 2814 2310 2878 Pompilium]
2345 2815 2461 2866 Liv.
2495 2830 2537 2865 1.

1470 2899 1555 2943 31.
1576 2898 1590 2922 ‘
1612 2896 1792 2958 Ipsum
1812 2909 1987 2957 regem
2007 2894 2222 2942 tradunt
2242 2894 2537 2942 volventem

1467 2972 1867 3031 commentarios
1892 2971 2099 3028 Numae,
2134 2982 2253 3017 cum
2286 2967 2360 3016 ibi
2392 2982 2535 3031 quae·

1465 3046 1583 3096 dam
1621 3049 1830 3097 occulta
1862 3045 2091 3095 solennia
2123 3043 2378 3093 sacrificia
2408 3043 2537 3094 Jovi

1468 3122 1637 3172 Elicio
1661 3121 1804 3172 sacta
1825 3121 2128 3176 invenisset,
2157 3127 2429 3183 operatum
2451 3121 2534 3168 his

1465 3200 1627 3249 saeris
1652 3215 1708 3250 se
1732 3199 2026 3248 abdidisset
2062 3195 2154 3246 sed
2178 3208 2280 3246 non
2313 3196 2412 3245 rite
2437 3196 2532 3244 ini-

1467 3284 1577 3327 tum
1599 3285 1686 3326 aut
1708 3284 1946 3325 curatum
1968 3274 2019 3323 id
2042 3288 2243 3323 sacrum
2263 3286 2378 3321 esse
2396 3289 2412 3334 3
2433 3287 2537 3322 neo

1464 3353 1632 3402 solum
1672 3352 1864 3400 nullam
1897 3351 1946 3399 ei
1983 3350 2207 3399 oblatam
2241 3349 2531 3399 coelestium

1465 3431 1720 3492 speciem,
1742 3427 1834 3477 sed
1861 3428 1951 3489 ira,
1971 3427 2118 3489 Jovis
2140 3426 2387 3475 solicitati
2413 3441 2534 3489 pra-

1467 3521 1530 3553 va
1550 3506 1818 3568 religione,
1834 3502 2048 3552 fulmine
2065 3502 2226 3551 ictum
2244 3516 2362 3552 cum
2376 3502 2529 3554 domo

1462 3579 1851 3644 conflagrasse!

1528 3667 1554 3703 s
1584 3659 1702 3708 Jovi
1742 3656 1923 3719 Elicio]
1969 3655 2164 3704 Dictus
2199 3662 2282 3704 est
2315 3655 2529 3719 Jupiter

1464 3735 1675 3797 Elicins‚
1691 3735 1827 3797 quod
1847 3747 1961 3782 eum
1984 3734 2155 3780 Numa
2173 3746 2273 3795 ope
2292 3727 2528 3782 Deorum

1464 3810 1634 3860 Fauni
1667 3817 1722 3858 et
1756 3808 1874 3857 Pici
1906 3808 1956 3855 in
1993 3805 2313 3855 Aventinum
2337 3808 2531 3871 elicue-

1462 3886 1553 3934 rit.
1590 3885 1750 3934 Ovid.
1786 3886 1929 3933 Fast.
1967 3896 2055 3943 ιιι.
2093 3887 2229 3943 32⁷.
2253 3885 2268 3910 ‘
2294 3885 2527 3937 Eliciunt

1461 3962 1595 4010 coelo
1618 3957 1927 4023 te‘Jupiter:
1964 3957 2098 4007 unde
2121 3958 2347 4006 minores
2370 3960 2525 4012 Nunc

1458 4050 1664 4100 quoque
1694 4044 1749 4084 te
1781 4022 2068 4095 celebrant,
2089 4033 2412 4095 Eliciumque
2438 4049 2526 4081 vo-

1458 4110 1619 4160 caut.'
1684 4112 1754 4160 Et
1774 4110 1943 4158 Varro
1968 4108 2034 4156 de
2058 4106 2184 4156 L.L.
2198 4106 2285 4155 lib.
2309 4121 2363 4156 v.
2396 4107 2413 4134 ‘
2434 4107 2524 4158 Sic

1458 4187 1612 4236 Elicii
1636 4185 1784 4237 Jovis
1808 4200 1898 4236 ara
1927 4185 1983 4235 in
2014 4182 2296 4249 Aventino,
2330 4183 2394 4234 ab
2427 4184 2524 4235 eli·

1457 4259 1679 4314 ciendo?
