3023 4942
533 374 666 443 358

536 558 739 624 quam
781 531 1007 600 minus
1055 557 1258 620 quam
1300 538 1744 602 temeritatem
1787 558 2182 620 congruere:
2231 541 2397 605 satis
2437 539 2731 607 celeriter

532 642 700 719 fieri,
762 640 1087 724 quicquid
1144 639 1492 703 commode
1544 649 1918 722 gereretur:
2008 642 2110 705 13.
2171 652 2542 726 armaque‚5
2601 645 2732 709 nisi

532 744 806 827 majoris
861 742 1287 805 emolumenti
1336 762 1482 824 spe,
1538 761 1961 825 nequaquam
2013 744 2343 808 movenda
2391 764 2592 810 esse:
2650 766 2733 810 ne

533 843 935 927 compendio
975 845 1184 919 tenui,
1231 843 1501 926 jactura
1544 846 1730 925 gravi
1780 844 1992 928 petita
2024 846 2308 911 victoria
2355 847 2598 912 similis
2649 849 2736 912 sit

531 945 732 1009 hamo
775 963 979 1008 aureo
1032 943 1499 1027 piscantibus;
1556 945 1751 1029 cnjus
1798 946 2068 1030 abrupti
2110 949 2486 1032 amissique
2539 949 2736 1013 detri-

530 1056 824 1111 mentum
868 1047 1056 1110 nullo
1108 1054 1417 1129 capturae
1458 1047 1650 1112 lucro
1690 1050 1958 1131 pensari
2006 1056 2255 1133 potest.
2342 1052 2449 1116 14.
2500 1050 2733 1135 Hujus

531 1153 834 1231 tempore
852 1156 877 1183 ²¹
909 1155 1094 1212 trans
1113 1148 1424 1213 Rhenum
1446 1153 1475 1180 ⁸
1500 1155 1814 1214 vastatus
1834 1158 1937 1214 est
1955 1150 2310 1217 Romanus
2328 1153 2736 1234 exereituS,''

533 1257 742 1335 atque
788 1249 1038 1315 tribuni
1090 1255 1158 1314 et
1208 1256 1620 1335 propraetor-fl
1693 1249 1902 1329 Quod
1964 1253 2033 1317 in
2078 1261 2341 1319 tantum
2398 1257 2734 1322 accidisse

508 1352 915 1435 'perdoluitf
938 1356 1015 1416 ut
1035 1354 1288 1418 cerebri
1309 1353 1538 1418 valido
1559 1355 1828 1418 incursu
1850 1357 2179 1439 parietem
2200 1358 2521 1441 pulsaret,
2544 1365 2734 1425 veste

527 1453 932 1537 capilloque,
985 1473 1070 1519 ac
1129 1455 1408 1538 reliquis
1467 1456 1835 1538 lugentium
1878 1458 2148 1523 indiciis
2193 1459 2537 1524 deformis.
2624 1463 2735 1525 15.

530 1554 875 1620 Avunculi
895 1552 924 1591 ‘¹
954 1576 1229 1640 quoque
1258 1559 1598 1622 inventum
1628 1558 2055 1624 vehementer
2085 1563 2431 1642 arguebat,
2464 1562 2581 1644 qui
2613 1564 2737 1626 mi·

527 1658 684 1722 lites
710 1659 1257 1738 commilitones?
1284 1678 1464 1725 novo
1510 1660 1900 1743 blandoque
1943 1681 2130 1727 more
2172 1663 2548 1748 appellanS,
2579 1663 2737 1728 dum

1098 392 1357 459 ,snx'ri
1412 394 1737 442 Aunnnn
1794 394 2141 443 viovoms

1457 1841 1480 1859 Ο
1486 1837 1750 1859 ’00000000
1756 1839 1813 1860 00

531 1939 764 1987 eom-modo
783 1937 993 2000 geritur.
1031 1937 1156 1986 Μαι.
1174 1944 1425 2000 gereretur
1441 1955 1462 1997 ,-
1488 1946 1545 1989 et
1567 1939 1874 2003 Augustsna
1897 1938 1982 1989 ed.
2003 1942 2141 2003 quod.
2209 1938 2378 1988 Iidem
2399 1940 2657 2003 scribunt,
2679 1947 2738 1992 ut

529 2011 586 2052 et
605 2003 798 2051 Veron.
820 2004 1026 2063 qu'oris
1038 2005 1346 2053 oemolomenti
1365 2003 1476 2066 spe.²
1499 2005 1837 2054 Senatu—13
1860 2012 1874 2033 ‘
1895 2004 2209 2053 Veronensis
2225 2005 2313 2053 lib.
2334 2006 2629 2055 emolumenti
2641 2023 2738 2070 spe.

531 2069 686 2123 Sunt,
711 2069 798 2132 qui
836 2076 1026 2130 putant
1048 2069 1206 2116 etiam
1243 2070 1347 2132 legi
1386 2084 1553 2131 posse.
1589 2069 1797 2130 qu'oris
1823 2070 2086 2118 molimenti
2122 2084 2281 2127 causa,
2305 2078 2364 2119 nt
2403 2072 2540 2132 apud
2581 2072 2738 2123 Just!

529 2133 761 2196 Sycburg.
830 2134 989 2182 Causa
1026 2134 1182 2182 etiam
1209 2149 1302 2195 pro
1324 2148 1406 2194 spe
1430 2134 1550 2183 Ald.
1578 2135 1784 2185 Schott.
1809 2135 1999 2182 Gaesb.
2035 2135 2223 2196 Delph.
2249 2135 2573 2186 Pinea—14
2608 2138 2740 2186 Post

523 2203 792 2260 proproetor
813 2199 934 2246 add.
955 2213 1104 2247 coesus
1122 2196 1245 2246 Alci.
1268 2199 1469 2249 Schott.
1490 2200 1682 2249 Gaesb.
1702 2199 1895 2262 Delpli.
1918 2200 2103 2249 Pitisc.
2126 2214 2241 2260 quae
2262 2206 2432 2248 tamen
2455 2214 2557 2248 vox
2571 2201 2739 2250 abfuit

531 2263 597 2312 ab
617 2262 856 2312 omnibus
879 2263 1011 2311 Mss.
1034 2278 1120 2325 ap.
1144 2264 1347 2313 Schott.
1369 2270 1424 2312 et
1449 2263 1635 2315 Arntz.
1708 2266 1983 2326 Exercitus,
2021 2265 2219 2322 tribuni,
2254 2269 2299 2312 et
2327 2270 2561 2327 pretores
2590 2267 2736 2316 Leid.

533 2331 586 2377 2.
653 2329 784 2378 Mox
820 2327 1079 2377 ‘accidisse
1099 2327 1266 2391 (quod
1292 2329 1411 2376 edd.
1433 2329 1636 2378 Scliotti
1670 2330 1891 2392 aliaeque
1928 2327 2225 2392 omittunt‚)
2257 2337 2313 2376 et
2334 2332 2529 2379 incursu
2569 2329 2738 2394 (quod

528 2406 649 2442 voc.
670 2393 867 2442 dicitur
891 2392 956 2442 de
979 2393 1234 2454 omnibus,
1257 2395 1308 2441 in
1332 2393 1522 2456 quibus
1546 2396 1768 2458 impetus
1793 2394 2148 2444 vehementior
2171 2402 2227 2441 et
2250 2395 2431 2459 aliquis
2449 2393 2594 2443 furor
2610 2395 2740 2459 (ξεί.)

528 2456 662 2507 bene
687 2458 1024 2508 vindicarunt
1063 2466 1223 2522 atque
1256 2460 1465 2523 copiose
1500 2460 1830 2508 illustrarunt
1867 2458 2045 2509 Arntz.
2067 2474 2127 2509 ac
2168 2458 2396 2508 Gruner.
2426 2459 2624 2509 incussu
2655 2462 2740 2526 [ut

518 2524 734 2573 ‘Schotn
758 2524 953 2572 Gaesb.
975 2524 1174 2587 Delph.
1192 2525 1406 2588 Pitisc.]
1429 2524 1517 2573 alii
1541 2523 1694 2574 libb?
1726 2525 1876 2575 Harl.
1941 2525 2183 2573 Aceidisse
2203 2532 2259 2573 et
2279 2526 2477 2574 incursu
2499 2526 2631 2575 Mss.
2658 2542 2742 2589 ap.

530 2589 736 2638 Schott.
757 2598 813 2638 et
845 2588 958 2639 fere
997 2603 1174 2639 omnes
1209 2604 1296 2653 ap.
1330 2589 1516 2642 Arntz.
1551 2589 1867 2640 Basilienses
1890 2589 2011 2638 edd.
2032 2589 2277 2639 Frobenii
2310 2597 2369 2640 et
2406 2589 2574 2639 Andr.
2612 2592 2740 2642 Cra·

1525 2735 1741 2786 NOTAE

527 2842 576 2878 c.
597 2832 680 2879 21.
714 2830 731 2857 ⁸
755 2830 871 2881 Nec
905 2829 994 2879 ulli
1031 2831 1177 2893 genti
1213 2830 1327 2880 sine
1355 2831 1517 2894 justis
1538 2838 1595 2883 et

526 2912 836 2960 necessariis
860 2912 1031 2961 causis
1057 2911 1244 2961 bellum
1269 2910 1482 2962 intulit.’

591 2991 618 3017 ¹
657 2987 822 3051 Neque
860 2988 1137 3051 imperatori
1178 2988 1319 3051 bono]
1375 2988 1591 3037 Sueton-

524 3075 644 3124 σαι).
667 3065 750 3111 25.
785 3064 801 3091 ‘
829 3063 975 3112 Nihil
1003 3072 1178 3112 autem
1202 3064 1369 3112 minus
1393 3063 1446 3111 in
1473 3078 1591 3126 per-

524 3137 669 3189 fecto
709 3139 841 3189 duce
877 3155 1033 3204 quam
1069 3139 1478 3200 festinationem,
1513 3146 1590 3189 te-

523 3216 924 3279 meritatemque
963 3218 1264 3279 convenire,
1302 3216 1592 3266 arbitraba·

524 3297 648 3351 tur3
715 3291 904 3341 crebro
965 3293 1140 3355 itaque
1195 3293 1284 3341 illa
1332 3294 1591 3355 jactabat,

529 3371 703 3417 σπεῦδε
718 3369 926 3433 βραδέως
940 3387 954 3429 3
975 3368 1221 3431 Ἀσφαλὴς
1233 3368 1328 3434 γὰρ
1349 3370 1448 3419 ἐστ’
1463 3369 1592 3431 ἀμεί-

527 3461 638 3503 νων,
681 3444 714 3503 ἡ
764 3443 936 3507 θρασὺς
992 3442 1347 3507 στρατηλάτης·
1392 3457 1465 3501 ei,
1508 3452 1593 3495 sat

525 3522 772 3570 celeriter
825 3520 958 3585 fieri,
1012 3522 1257 3586 quicquid
1315 3520 1411 3571 fiat
1465 3521 1592 3570 satis

524 3597 696 3647 bene.’

1744 2842 1765 2866 ²
1798 2833 1960 2895 Hnjus
1982 2833 2215 2896 tempore]
2250 2830 2316 2881 A.
2340 2832 2410 2882 U.
2427 2836 2544 2883 762.
2575 2832 2741 2899 impe-

1676 2909 1739 2958 rii
1764 2911 1842 2958 sui
1861 2913 1946 2959 40.

1739 2992 1763 3018 ⁸
1800 2985 1954 3033 Trans
1974 2983 2218 3046 Rhenum]
2250 2984 2313 3033 In
2338 2984 2643 3035 Germania.
2713 3006 2717 3014 .

1735 3059 1761 3094 δ
1797 3061 2039 3109 Romanus
2069 3059 2328 3122 exercitus]
2376 3061 2475 3111 Cui
2510 3067 2741 3126 praerat

1673 3136 1957 3187 Quintilius
1979 3137 2165 3185 Varus.
2581 3149 2586 3154 ·

1738 3221 1762 3247 ‘²
1799 3214 1938 3268 Quod
1959 3213 2013 3268 in
2038 3218 2224 3262 tantum
2256 3213 2483 3263 accidisse
2502 3215 2739 3276 perdoluit

1671 3287 1746 3351 [in
1781 3295 1967 3339 tautum
1994 3288 2260 3353 perdoluit]
2316 3290 2459 3338 Nota
2487 3291 2739 3339 Latinita-

1674 3374 1778 3416 tem
1799 3385 1811 3413 ε
1851 3368 1905 3415 in
1926 3372 2114 3415 tantum
2145 3381 2243 3428 pro
2265 3372 2280 3395 ⁴
2300 3364 2470 3415 adeo-³
2524 3368 2739 3416 Sueton-

1673 3458 1846 3495 xxm.
1882 3443 1899 3471 ‘
1919 3442 2069 3491 Adeo
2104 3457 2324 3507 namque
2347 3449 2735 3491 consternatum

1673 3521 1872 3576 ferunt,
1895 3528 1956 3569 ut
1977 3534 2073 3581 per
2096 3520 2368 3567 continuos
2393 3532 2597 3567 menses
2624 3519 2737 3568 bar·

1674 3599 1740 3647 ba
1783 3597 2077 3660 capilloque
2115 3595 2400 3649 summisso,
2445 3602 2609 3657 caput
2662 3596 2737 3643 in-

590 3672 893 3737 !Armaque]
928 3673 1287 3723 Sueton.ibid.
1311 3674 1589 3725 ‘Praelium
1663 3674 1878 3726 ›terdnm
1913 3671 2112 3720 foribus
2148 3671 2395 3732 illideret,
2431 3670 2736 3725 vociferans,

525 3748 736 3813 quidem
758 3757 848 3798 aut
867 3751 1057 3798 bellum
1081 3750 1464 3812 suscipiendum
1483 3765 1591 3799 om-

521 3831 644 3878 nino
666 3829 905 3891 negabat,
931 3830 1028 3878 nisi
1051 3844 1166 3879 cum
1206 3830 1375 3893 major
1395 3832 1589 3878 emolu·

523 3909 687 3958 menti
720 3922 861 3971 spes,
898 3922 1050 3970 quam
1089 3907 1262 3955 damni
1298 3914 1468 3955 metus
1506 3923 1589 3956 os-

521 3984 844 4035 tenderetur.
913 3986 1050 4035 Nam
1085 3986 1295 4033 minima
1319 3985 1594 4034 commoda

522 4077 625 4111 non
651 4062 862 4110 minimo
888 4068 1149 4110 sectantes
1185 4060 1500 4117 discrimine,
1525 4062 1593 4109 si·

520 4138 671 4189 miles
692 4138 866 4187 aiebat
889 4150 1003 4185 esse
1028 4150 1186 4184 aureo
1204 4135 1355 4184 hamo
1381 4138 1592 4198 piscan-

522 4216 700 4277 tibus;
734 4216 882 4277 enjus
920 4212 1130 4275 abrupti
1167 4211 1412 4261 damnum
1447 4213 1590 4263 nulla

524 4297 743 4356 captura
765 4289 975 4356 pensari
999 4286 1211 4354 posset!
1282 4355 1285 4356 ⁷

1675 3749 1897 3801 Quintili
1915 3748 2081 3797 Vare!
2106 3746 2266 3795 redde
2285 3747 2518 3809 legiones
2534 3762 2549 3795 t
2576 3747 2735 3795 diem·

1671 3841 1772 3891 que
1805 3825 1967 3875 cladis
2001 3825 2277 3889 quotannis
2309 3829 2551 3873 moestum
2579 3824 2736 3873 habu-

1675 3904 1779 3952 erit
1802 3917 1864 3951 ac
1889 3900 2197 3964 lugubrem-³

1740 3978 1765 4012 ἃ
1798 3979 2062 4042 Avunculi]
2104 3978 2351 4027 Caesaris.

1740 4062 1764 4089 e
1799 4056 1991 4104 Milites
2014 4054 2374 4117 commilitones]
2391 4052 2608 4103 Sueton-
2626 4053 2735 4103 (Σω-

1672 4146 1772 4180 sar.
1815 4145 1935 4193 cap.
1970 4134 2056 4179 67.
2091 4130 2240 4178 ‘Nec
2286 4129 2483 4178 milites
2519 4142 2609 4177 eos
2645 4143 2733 4191 pto

1672 4206 1942 4266 concione,
1972 4204 2062 4254 sed
2089 4202 2348 4253 blandiori
2372 4202 2581 4253 nomine
2602 4217 2737 4253 com·

1671 4283 1934 4334 militones
1975 4278 2310 4346 appellabat-⁹
2376 4279 2440 4328 Id
2474 4279 2735 4345 Augustus
