3023 4942
491 395 624 462 106
1088 410 1317 459 διατι
1369 409 1697 459 Annum:
1732 410 2101 482 ‘vro-rmus

494 554 848 619 osculatus
879 559 1007 619 est.
1094 557 1159 619 4.
1199 554 1473 619 Deinde
1514 559 1785 637 propter
1824 553 2150 620 Lucretiae
2197 562 2520 640 stuprum,
2550 547 2723 622 cum'

492 657 894 740 Tricipitino
965 662 1032 721 et
1101 655 1443 722 Collatino
1507 659 1582 722 in
1647 658 1920 721 exitium
2005 678 2231 740 regum
2307 658 2699 743 conjuravit.

493 759 559 823 5.
608 757 877 837 Quibus
930 759 997 823 in
1042 760 1318 823 exilium
1366 760 1572 835 actis,
1616 760 1874 842 primus
1917 761 2153 824 consul
2191 768 2480 834 creatus,
2522 760 2700 825 filios

493 857 702 938 suos,i
748 860 933 943 quod
978 880 1125 925 cum
1172 860 1469 944 Aquiliis
1516 869 1585 925 et
1632 858 1974 927 Vitelliisk
2023 861 2108 926 ad
2140 861 2594 945 recipiendum
2636 865 2703 927 in

491 959 745 1025 Urbem
775 959 1214 1046 Tarquinios¹
1247 963 1784 1046 conjuraverant,
1815 963 2023 1045 virgis
2055 983 2277 1029 caesos
2300 964 2517 1028 securi
2551 984 2702 1046 per-

492 1065 726 1128 cussit.
814 1065 879 1129 6.
927 1065 1192 1129 Deinde
1233 1066 1299 1128 in
1344 1065 1610 1149 praelio,
1641 1065 1823 1150 quod
1864 1066 2191 1131 adversus
2237 1085 2361 1130 eos
2402 1068 2700 1149 gerebat,

491 1165 807 1250 singulari
841 1168 1203 1231 certamine
1238 1188 1388 1232 cum
1420 1167 1676 1232 Arunte
1723 1167 1862 1231 filio
1901 1167 2257 1252 Tarquinii
2311 1187 2702 1250 congressus

490 1287 567 1332 se
620 1270 820 1333 ambo
866 1272 1113 1336 mutuis
1161 1270 1552 1335 vulneribus
1595 1270 2015 1337 occiderunt.
2103 1272 2168 1336 7.
2214 1270 2427 1354 Cujus
2458 1288 2702 1353 corpus

488 1371 558 1433 in
585 1370 732 1436 foro
770 1374 1089 1457 positum,
1120 1392 1164 1438 a
1194 1373 1453 1456 collega
1479 1372 1895 1451 laudatum,¹''
1925 1380 2248 1437 matronae
2292 1391 2468 1437 anno
2511 1372 2701 1435 luxe-

489 1479 666 1538 runt.

1416 1573 1783 1594 cemoemo

488 1694 762 1742 responsum
784 1679 884 1730 Ed.
909 1684 1090 1743 pre-4
1123 1680 1184 1730 In
1204 1681 1410 1732 exitium
1430 1683 1619 1743 regium
1642 1682 1744 1731 Ed.
1769 1686 1945 1745 ιιι-5
1986 1681 2190 1731 Ονεαΐυε
2210 1685 2312 1730 est:
2330 1680 2469 1745 filios
2502 1677 2602 1728 Ed.
2625 1679 2703 1740 prss

491 1746 508 1774 ⁴
533 1746 666 1794 Post
685 1746 822 1809 filios
841 1762 948 1795 snos
968 1746 1178 1795 additur
1203 1748 1253 1795 in
1288 1748 1595 1811 quibusdam
1622 1747 1744 1796 edd.
1781 1745 1928 1810 [Ald.
1952 1746 2166 1809 nempe]
2187 1744 2479 1809 fratrisque,
2496 1744 2585 1792 sed
2613 1744 2701 1792 ab·

491 1817 572 1859 est
595 1810 646 1858 id
668 1814 735 1859 ab
760 1812 967 1874 optimis
993 1812 1327 1876 plurimisque
1349 1812 1503 1861 codd.
1528 1819 1686 1876 atque
1711 1813 1750 1860 ai
1779 1810 2106 1859 retinendum
2129 1811 2318 1858 fnisset
2344 1824 2455 1858 voc.
2479 1809 2702 1868 nonfra·

487 1875 671 1937 trisque
692 1877 783 1923 sed
808 1875 1083 1939 fratr-eoque
1104 1876 1291 1925 fuisset
1314 1875 1682 1927 scribendum?
1706 1878 1856 1927 Harl.
1921 1877 2051 1925 Mox
2074 1877 2136 1924 ad
2160 1875 2452 1938 recipiendos
2477 1874 2637 1934 bugd.
2656 1878 2703 1922 l.

487 1941 552 1988 ad
569 1940 860 2001 recipiendos
885 1941 1025 2003 Turq.
1050 1941 1102 1988 in
1123 1942 1283 1990 urbem
1306 1942 1406 1992 Ed.
1433 1956 1513 2005 pr.
1548 1944 1600 1992 in
1621 1941 1736 1991 arbe
1769 1940 1939 2004 Lugd.
1966 1945 2301 2004 uterquee—(i
2336 1939 2520 1988 Arunte
2554 1938 2702 1986 Leid.

488 2009 540 2053 2.
560 2004 763 2052 Boend.
790 2013 843 2053 et
871 2005 1047 2055 Haun·
1067 2020 1151 2067 ap.
1179 2006 1360 2055 Arntz.
1416 2008 1605 2057 Oronce
1632 2006 1730 2056 Ed.
1756 2021 1832 2068 pr.
1900 2007 2032 2054 Tum
2056 2019 2335 2067 congressus
2354 2009 2445 2067 est,
2469 2004 2549 2052 ubi
2569 2002 2703 2051 ambo

487 2069 668 2118 mutuis
696 2070 964 2119 uulneribus
992 2070 1263 2120 ceciderunt
1296 2072 1501 2122 Schott.
1530 2072 1724 2134 Delph.
1747 2071 1944 2121 Gaesb.
1976 2071 2163 2119 Pitisc.
2187 2070 2484 2131 corrigente
2506 2068 2704 2117 Schott.

489 2134 793 2183 Lectionem
812 2141 1037 2184 nostram
1063 2138 1294 2185 restituit
1316 2135 1601 2187 Arata—'l
1621 2140 1639 2165 ⁴
1655 2138 1778 2188 Non
1799 2144 1939 2185 recte
1960 2150 2084 2185 anno
2108 2134 2441 2185 desideratur
2463 2133 2699 2196 iri-Lugd.

493 2201 541 2246 1.
579 2200 720 2264 quod
740 2200 926 2250 adesse
951 2200 1148 2251 debet.’
1184 2202 1363 2252 Arutz.

1490 2298 1708 2350 NOTAE

555 2392 571 2426 ¹
602 2393 758 2444 Filios
776 2410 884 2445 suos
918 2394 1084 2461 [filios
1107 2411 1229 2453 suos,
1256 2396 1559 2463 fratrisque]
1633 2411 1699 2449 ιι.
1733 2402 1784 2446 4.

489 2469 612 2521 Vox
641 2468 928 2536 fratrisque,
960 2481 1019 2522 ut
1041 2483 1254 2524 monent
1278 2476 1375 2524 viri
1400 2474 1565 2539 docti,
1702 2475 1715 2511 ¹
1745 2476 1808 2525 In
1835 2474 2007 2524 Urbem
2035 2467 2340 2536 Tarquinios]
2369 2468 2417 2518 E
2444 2466 2583 2518 bona
2616 2466 2704 2531 illa

488 2562 591 2597 non
611 2557 832 2612 apparet
853 2550 905 2598 in
928 2549 1060 2600 Mas.
1080 2565 1239 2614 quare
1259 2551 1565 2616 rejicienda.
1638 2553 1809 2602 veteri
1835 2551 2141 2603 Latinitate.

490 2624 667 2674 Livius
691 2626 765 2674 ait
788 2626 941 2674 Bruti
964 2625 1100 2676 filios
1118 2641 1353 2678 unacum
1374 2627 1567 2678 sororia
1701 2636 1739 2662 Π·
1772 2626 1820 2677 Δ
1851 2629 2032 2690 collega
2067 2621 2337 2686 buddam]
2370 2619 2513 2671 niue
2552 2625 2704 2669 natu·

487 2700 666 2752 liberis
690 2701 1009 2764 conjurasse.
1637 2719 1749 2754 mos
1773 2705 1910 2753 viros
1941 2702 2241 2766 proeclaros,
2271 2707 2327 2749 et
2348 2698 2415 2747 de
2435 2696 2708 2760 republica

556 2774 580 2811 ¹¹
613 2777 827 2843 Aquiliis
867 2784 916 2828 et
966 2779 1198 2845 Vitelliis]
1231 2781 1427 2845 Aquilii
1470 2781 1566 2831 filii
1636 2779 1773 2830 bene
1808 2781 2040 2840 meritos,
2068 2778 2301 2827 oratione
2321 2774 2526 2824 funebri
2550 2773 2705 2823 deco-

491 2861 645 2902 erant
687 2856 877 2903 sororis
911 2855 1175 2905 Collatini.
1241 2857 1446 2907 Vitellii
1482 2872 1565 2907 so·
1637 2857 1804 2907 randi.
1872 2857 2037 2906 Immo
2071 2863 2127 2904 et
2163 2854 2307 2919 prius
2329 2851 2463 2902 idem
2488 2848 2705 2901 Atheni·

490 2929 612 2979 rorii
666 2936 819 2980 erant
871 2930 1043 2980 Bruti.
1124 2932 1227 2982 Sed
1283 2932 1403 2983 vide
1449 2933 1571 2982 Liv.
1614 2946 1787 2982 rennes
1811 2931 2137 2982 factitarunt.

1388 3285 1602 3352 GAP.
1664 3285 1812 3351 XI.

1226 3438 1625 3488 nolumus
1672 3438 1977 3486 coenus.

491 3552 927 3609 ARGUMENTUM.
991 3553 1222 3604 Porsena
1258 3555 1571 3620 Tarquinios
1593 3557 1871 3606 restituere
1898 3559 2157 3627 tentante.
2182 3566 2277 3616 pro
2301 3557 2461 3616 ponte
2485 3549 2704 3603 sublicio

554 3644 695 3696 stat3
720 3650 940 3699 cumque
965 3634 1053 3684 illo
1078 3637 1373 3700 interrupto
1398 3636 1449 3684 in
1465 3636 1697 3709 Tiberim
1717 3635 1936 3700 decidit,
1955 3634 2019 3685 ad
2044 3649 2162 3684 suos
2186 3639 2438 3690 transnat,
2457 3639 2512 3683 et
2533 3640 2703 3685 statua

554 3717 730 3781 posita
753 3715 979 3764 donatur
1001 3715 1253 3765 Horatius
1273 3716 1479 3766 Cocles.

577 3828 642 3894 1.
686 3829 1054 3894 PORSENA
1096 3849 1222 3894 rex
1253 3830 1721 3907 Etruscorum,
1747 3848 1906 3894 cum
1936 3826 2339 3913 Tarquinios
2368 3826 2440 3888 in
2469 3825 2701 3889 urbem

490 3931 838 3997 restituere
889 3937 1198 4012 tentaret,
1252 3939 1321 3997 et
1370 3933 1588 4017 primo
1634 3933 1891 4015 impetu
1937 3929 2330 3998 ,Ianiculum
2386 3929 2701 4011 cepisset,

493 4032 828 4099 Horatius
891 4033 1183 4115 CocleS,⁸
1230 4034 1382 4120 (illo
1442 4036 1856 4118 cognomine,
1909 4033 2097 4117 quod
2152 4031 2221 4098 in
2272 4029 2409 4095 alio
2458 4014 2699 4115 praelio

1413 4182 1779 4204 ‘monum

558 4276 695 4331 Car.
715 4293 799 4330 xr-
837 4285 864 4330 1
886 4280 1085 4331 oratius
1102 4282 1265 4335 Cocles
1291 4282 1391 4335 Ed.
1404 4297 1485 4350 pr.
1506 4299 1624 4351 quae
1640 4298 1758 4337 eum
1774 4282 1895 4334 Ald.
1910 4281 2022 4334 siue
2039 4278 2187 4334 uncis
2208 4277 2369 4329 habet
2386 4277 2543 4330 verba
2558 4254 2703 4344 seuq.
