3023 4942
915 390 1014 438 na
1060 384 1494 439 cAEsArua'us
1544 389 1728 438 οΑΡ,
1756 387 1985 438 xxw.
2419 373 2550 439 299

348 535 670 600 tredecim
693 543 735 571 ¹¹¹
774 534 1055 618 imperio
1075 535 1344 600 functus
1369 526 1672 618 rempub.
1703 534 1982 617 reliquit
2002 532 2329 598 firmatam
2360 524 2554 597 undi-

340 657 502 721 que.
586 637 653 702 8.
699 637 878 716 Quae
907 637 1239 722 jam'tum
1266 646 1308 703 a
1335 637 1635 702 Romulo
1683 637 1769 702 ad
1810 618 2215 720 Septimium
2249 636 2553 699 certatim

344 739 683 818 evolanS,¹¹
713 739 1027 803 Bassiani
1068 739 1374 804 consiliis
1405 745 1731 823 tanquam
1786 738 1854 801 in
1907 756 2167 800 summo
2205 737 2553 802 constitit:

344 860 485 922 quo
540 860 627 905 ne
677 841 1034 906 confestim
1093 841 1444 917 laberetur,
1490 839 1870 906 Alexandri
1912 839 2087 903 fuit!
2173 840 2239 903 9.
2284 840 2552 905 Abhinc

332 941 511 1005 'dum
542 941 932 1007 dominandi
971 943 1117 1007 suis
1147 962 1348 1026 quam
1381 942 1733 1026 subigendi
1760 947 2069 1006 externos
2092 942 2553 1025 cupientiores
2599 940 2606 946 ’

345 1050 526 1120 sunt,
586 1050 788 1127 atque
841 1045 1012 1108 inter
1059 1063 1132 1108 se
1184 1050 1542 1122 armantur,
1603 1046 1816 1127 magis
1872 1044 2251 1108 Romanum
2299 1049 2554 1110 statum

344 1147 543 1229 quasi
582 1147 870 1228 abrupto
901 1147 1433 1229 praecipitavere,
1467 1146 1886 1229 immissique
1916 1147 1982 1209 in
2004 1146 2358 1230 imperium
2401 1165 2553 1228 pro-

342 1247 603 1311 miscue
620 1247 776 1312 boni
804 1248 1122 1329 malique,
1152 1248 1415 1335 nobiles
1446 1254 1652 1330 atque
1684 1247 2034 1329 ignobileS,
2062 1266 2145 1312 ac
2175 1248 2506 1312 barbariae
2526 1254 2555 1284 ⁰

343 1343 561 1430 multi.
651 1347 758 1412 10.
806 1346 1083 1432 Quippe
1129 1350 1244 1413 ubi
1285 1350 1545 1432 passim
1594 1349 2020 1432 confusaque
2061 1349 2307 1427 omnia,
2335 1370 2553 1432 neque

347 1470 478 1516 suo
508 1450 808 1515 feruntur
845 1450 1067 1526 modo,
1093 1451 1343 1533 quique
1371 1449 1476 1514 fas
1526 1457 1787 1533 putant,
1819 1451 1915 1515 uti
1944 1469 2064 1534 per
2090 1452 2402 1529 turbam,P
2443 1471 2554 1518 ra-

341 1538 505 1637 ‘pere
563 1551 786 1617 aliena
846 1551 1092 1626 officia,
1148 1573 1303 1636 quae
1348 1573 1581 1635 'regere
1631 1559 1989 1638 nequeunt,
2037 1548 2103 1618 et
2161 1554 2554 1620 inscientiaq

344 1656 681 1719 bonarum
713 1654 982 1734 artium,
1025 1654 1213 1719 foede
1259 1663 1711 1740 corrumpunt.
1801 1656 1907 1719 11.
1954 1656 2065 1720 Ita
2110 1655 2399 1721 fortunae
2447 1656 2554 1721 vis

342 1757 688 1822 licentiam
715 1763 939 1836 nacta,
971 1757 1357 1843 perniciosa
1378 1758 1655 1822 libidine
1677 1759 2000 1824 mortales
2026 1759 2164 1843 agit
2190 1778 2208 1821 ε
2253 1779 2405 1843 quae
2434 1757 2554 1824 din

409 1964 437 1988 ⁰
473 1957 599 2012 Quoe
619 1955 728 2017 ,iam
761 1958 873 2007 inde
892 1973 922 2007 a
950 1957 1146 2007 Romulo
1168 1971 1312 2020 usqae
1332 1959 1394 2006 ad
1423 1957 1708 2021 Septimium
1732 1957 1959 2008 Severum
1993 1958 2080 2008 vix
2108 1961 2327 2013 madens,
2348 1954 2558 2006 consiliis

343 2017 602 2086 Bassiani,
622 2025 761 2087 quasi
779 2024 829 2072 in
852 2037 1031 2072 summo
1047 2022 1254 2087 periculo
1276 2023 1449 2081 hoesit3
1477 2023 1753 2073 Alexandri
1770 2021 2048 2083 Severisuit
2067 2030 2121 2073 ut
2142 2039 2201 2074 ne
2220 2025 2306 2073 illa
2326 2027 2504 2072 rueret.

1250 2164 1617 2185 ‘teneone-‘⁴9

343 2263 464 2315 edd.
489 2263 761 2315 distinctio
793 2272 911 2327 post
943 2261 1157 2315 consiliis
1177 2270 1373 2316 ean—9
1408 2265 1482 2317 Ac
1523 2267 1715 2316 barbari
1748 2267 2025 2333 legebatur
2068 2272 2191 2317 ante
2234 2266 2435 2315 Schott.
2471 2280 2558 2328 ap.

338 2344 502 2394 quem
526 2331 658 2380 Μαι.
677 2346 734 2380 ac
750 2330 982 2381 barbara».
1047 2332 1324 2396 Cogitabat
1352 2331 1473 2381 olim
1507 2331 1697 2384 Arntz.
1718 2332 1952 2382 barbarie
1972 2332 2283 2382 ‹emuli—10
2318 2333 2387 2381 Et
2404 2330 2556 2380 scien-

1341 2477 1563 2528 NOTAE

341 2575 469 2636 lum,
509 2572 881 2638 Heliogabalus
903 2582 1225 2645 removerat,
1255 2591 1409 2641 quem
1491 2583 1649 2642 atque
1691 2576 1826 2641 aeqni
1860 2574 2032 2627 studio
2070 2572 2304 2625 ostendit
2335 2578 2558 2639 quantus

342 2650 645 2706 Alexander
667 2661 855 2715 postea
888 2654 1173 2709 revocavit,
1203 2655 1410 2716 patriar·
1490 2658 1630 2701 esset
1651 2666 1780 2715 erga
1803 2653 2046 2715 optimos.
2529 2649 2532 2658 '

343 2743 445 2791 qne
467 2727 737 2778 reddidit?
803 2728 879 2778 At
916 2730 983 2779 de
1021 2731 1206 2780 Paullo
1239 2730 1293 2779 id
1326 2745 1410 2780 me

343 2804 537 2867 legisse
560 2816 660 2852 non
686 2805 928 2853 memini:
954 2820 1113 2870 quare
1133 2805 1409 2870 legendnm

343 2880 597 2943 putabam
627 2881 883 2947 Paulloque
903 2883 1033 2932 inter
1061 2885 1261 2932 exordia
1275 2883 1405 2945 pari·

340 2961 416 3006 ter
455 2957 672 3024 redditor
727 2967 785 3006 ut
814 2957 1234 3020 subintelligatur
1284 2958 1409 3005 ‘ho-

344 3046 469 3083 nore
489 3032 504 3053 ’
527 3033 661 3098 quod
680 3032 949 3098 proecedit.
1016 3034 1299 3097 Ulpianum
1324 3048 1411 3083 eo-

341 3108 465 3158 dem
502 3110 692 3158 honore
727 3110 975 3169 retinens,
1009 3109 1296 3173 Paulloque
1323 3123 1410 3158 eo·

342 3184 462 3233 dem
482 3186 678 3235 honore
702 3185 839 3233 inter
860 3184 1073 3233 exordia
1094 3185 1309 3247 Imperii
1333 3184 1412 3233 sni

345 3263 552 3312 reddito
573 3263 707 3326 juris
724 3262 1035 3317 auctoribus,
1053 3265 1152 3311 &m
1179 3260 1413 3313 Praefec·

346 3344 516 3388 turam
555 3338 915 3402 praetorianam
952 3339 1224 3400 intelligit,
1258 3353 1410 3402 qnam

346 3414 536 3465 Paullo
579 3414 880 3464 Alexander
914 3414 1144 3463 restituit
1160 3430 1177 3473 ;
1218 3415 1412 3478 qnippe

347 3493 434 3555 qui
473 3507 588 3541 eam
632 3492 729 3540 sub
773 3490 1116 3554 Heliogabalo
1156 3491 1413 3553 possedis-

348 3577 462 3619 set:
503 3569 630 3619 nihil
668 3576 840 3618 tamen
882 3577 1079 3617 temere
1115 3570 1412 3632 pronuntio.

347 3647 487 3696 Fieri
503 3647 636 3697 enim
658 3646 830 3709 potnit
850 3654 904 3694 ut
927 3646 1062 3694 inter
1079 3646 1207 3694 alios
1228 3646 1409 3695 Helio-

350 3722 566 3784 gabalus
587 3721 830 3770 Paullum
856 3722 1013 3769 etiam
1037 3723 1330 3771 removerit.

411 3798 426 3832 ¹
458 3799 598 3847 daris
618 3797 913 3859 auctoribus]
945 3797 1198 3847 Placebat
1225 3798 1412 3849 Schot-

341 3878 426 3936 'to‚
444 3876 586 3923 Juris
613 3873 901 3930 auctoribus,
923 3878 1130 3936 quantus
1151 3887 1267 3933 erga
1288 3874 1410 3936 opti-

348 3965 449 3999 mos
468 3957 608 4014 alque
637 3949 761 4013 oequi
779 3950 1016 3997 studiosos
1036 3954 1174 4003 esset,
1196 3950 1412 3999 edocuit:

350 4026 425 4075 ait
448 4027 822 4085 Alexandrum,
841 4024 962 4072 dnm
995 4024 1259 4087 precipue
1278 4025 1413 4086 juris

348 4109 585 4152 auctores
609 4089 760 4161 colit,
776 4100 1063 4150 ostendisse
1090 4106 1309 4161 quantus
1330 4115 1411 4150 es-

349 4187 434 4230 set
453 4195 576 4240 erga
603 4178 843 4241 optimos,
880 4182 934 4225 et
966 4176 1100 4241 aequi
1134 4176 1413 4226 studiosos.

349 4255 454 4306 Sed
476 4257 601 4306 nihil
618 4254 921 4305 mutandum
936 4269 951 4305 ε
969 4254 1100 4319 juris
1116 4255 1414 4306 auctoribus

1554 2736 1592 2762 ¹¹²
1627 2730 1794 2792 Neque
1823 2730 1951 2778 altra
1978 2742 2127 2777 annos
2155 2724 2403 2789 tredecim]
2448 2727 2562 2779 Im-

1491 2805 1700 2869 peravit
1722 2819 1805 2853 an.
1829 2818 1958 2855 xm.
1980 2804 2163 2853 diebus
2188 2817 2273 2853 rx.

1555 2889 1582 2915 ¹¹
1613 2880 1660 2930 A
1700 2881 1902 2930 Romala
1934 2882 1997 2929 ad
2025 2880 2308 2943 Septimium
2335 2880 2558 2929 certatim

1489 2958 1704 3022 evolans]
1738 2958 1832 3008 Ait
1854 2947 2225 3020 rempublicam
2250 2972 2367 3022 quae
2400 2971 2431 3005 a
2451 2959 2557 3007 Ro-

1492 3036 1630 3084 mulo
1664 3033 1730 3084 ad
1764 3035 2074 3097 Septimium
2109 3048 2270 3096 nsque
2303 3033 2556 3084 Severum

1493 3113 1580 3161 vix
1604 3120 1813 3161 servata
1835 3119 1936 3174 est,
1959 3110 2165 3160 tandem
2180 3110 2414 3159 Bassiani
2430 3123 2557 3159 con·

1492 3188 1617 3237 siliis
1642 3188 1693 3235 in
1710 3201 1905 3235 summo
1928 3186 2226 3235 discrimine
2247 3186 2557 3248 constitisse,

1494 3265 1570 3313 ita
1610 3272 1669 3312 ut
1707 3261 1995 3312 Alexandri
2030 3260 2189 3309 fuerit
2222 3276 2323 3324 quo
2357 3274 2423 3309 ne
2462 3260 2555 3310 illa

1494 3345 1702 3389 rueret:
1729 3338 1990 3400 distingue
2012 3337 2187 3400 igitur,
2210 3336 2555 3397 Quoejamlum

1492 3432 1524 3465 a
1558 3417 1758 3465 Romulo
1789 3415 1852 3463 ad
1885 3412 2170 3476 Septimium
2193 3411 2420 3461 emacim
2447 3426 2554 3460 evo-

1491 3494 1614 3548 lans,
1636 3490 1871 3541 Bassiani
1890 3489 2104 3539 consiliis
2117 3494 2344 3552 tanquam
2360 3487 2413 3535 in
2428 3500 2557 3536 sum-

1491 3584 1567 3618 mo
1589 3567 1828 3619 constitit.
2527 3623 2532 3632 J

1556 3653 1580 3678 ⁰
1611 3641 1892 3705 Barbaria]
1927 3641 2257 3704 Bai-barium,
2291 3640 2468 3691 Groeci
2496 3648 2556 3692 et

1490 3722 1664 3771 Latini
1685 3718 1933 3784 quicquid
1949 3718 2050 3767 fuit
2064 3724 2214 3768 extra
2227 3718 2421 3768 limites
2442 3719 2555 3782 agri

1493 3799 1573 3847 sui
1594 3809 1865 3845 vocavere.

1558 3883 1584 3916 Ρ
1611 3874 1698 3922 Uti
1708 3886 1796 3935 per
1812 3869 2025 3934 turbam]
2060 3870 2076 3899 ‘
2095 3868 2231 3919 Fieri
2246 3869 2414 3932 solet,’
2431 3884 2553 3933 snp-

1492 3949 1598 4012 ple.

1555 4036 1581 4069 ‘1
1611 4026 1673 4074 Et
1695 4023 1946 4074 inscientia
1960 4020 2205 4084 [scientia]
2225 4021 2365 4082 Lege
2392 4021 2459 4070 Et
2478 4021 2555 4070 in·

1489 4101 1709 4164 scientia,
1750 4102 1830 4164 &a
1877 4105 1937 4149 ut
1981 4097 2076 4147 viri
2120 4096 2407 4146 doctissimi
2441 4107 2555 4146 ‘mo-

1492 4191 1671 4226 nuere.
