3023 4942
503 406 639 473 114
989 429 1032 462 ι’
1057 419 1290 470 saxu
1332 420 1664 469 Ammon
1716 417 2103 469 vicronts·

508 549 1160 653 petulantissimum·
1193 565 1597 643 abdicavit?
1625 567 1741 649 qui
1769 575 1838 630 et
1875 586 1917 630 a
1948 567 2383 631 censoribuse
2426 570 2729 642 notatus}¹

508 672 596 736 ad
614 672 915 737 Volscos
945 679 1015 734 et
1039 665 1372 733 Sabinosd
1398 670 1713 752 confugit,
1736 672 1849 754 qni
1883 671 2055 735 duce
2089 668 2340 734 Cloelio
2368 669 2723 733 Gsaccho‘

506 774 758 839 bellum
781 773 1136 837 adversum
1161 767 1518 834 Romanos
1549 774 1883 853 gerebant,
1914 777 1984 835 et
2008 770 2099 850 Q.
2130 767 2539 835 Minucium‘f
2563 790 2724 834 con-

509 877 720 940 sulem
756 875 826 938 in
861 873 1152 955 Algido⁸
1180 879 1410 936 monte
1442 892 1597 936 cum
1628 875 1927 938 exercitu
1961 872 2381 937 obsidebant.
2471 872 2723 951 Quinc-

507 979 647 1042 tius
705 977 992 1042 dictator
1047 975 1299 1050 dictus»,
1364 975 1453 1040 ad
1506 996 1705 1059 quem
1764 977 1951 1039 missi
2006 976 2213 1057 legati
2257 975 2512 1039 nudum
2566 995 2726 1040 eum

508 1076 844 1145 mantem¹²
878 1088 1063 1144 trans
1090 1076 1422 1143 Tiberimi
1458 1077 1899 1154 offenderunt,
1932 1079 2051 1163 qui
2082 1077 2460 1159 insignibus
2489 1079 2728 1142 sumtis

508 1180 857 1246 consulem
913 1180 1266 1243 obsidione
1328 1182 1663 1246 liberavit.
1781 1181 1844 1244 2.
1896 1180 2130 1258 Quare
2188 1200 2229 1244 a
2286 1179 2596 1243 Minucio
2654 1184 2728 1241 et

505 1284 654 1367 ejus
678 1283 978 1346 exercitu
1010 1301 1266 1346 corona
1296 1302 1504 1347 aurea
1529 1292 1611 1347 et
1641 1277 2091 1346 obsidionali*
2123 1282 2411 1346 donatus
2442 1286 2570 1345 est.
2657 1280 2726 1346 3.

505 1383 701 1451 Vicit
728 1384 1009 1465 hostes;
1058 1382 1297 1448 ducem
1344 1369 1581 1448 eorum
1626 1385 1696 1448 in
1733 1383 2141 1471 deditionem
2185 1383 2480 1465 accepit,
2510 1388 2580 1446 et
2617 1382 2729 1446 tri-

1430 1519 1760 1545 eveeeoeeeee
1766 1525 1793 1544 e

508 1589 745 1640 Granum.
813 1591 829 1619 ⁸
855 1591 923 1640 Et
942 1587 1143 1639 Sabinos
1164 1603 1265 1637 non
1291 1587 1608 1651 agnoscebat
1634 1589 1779 1639 Leid.
1804 1594 1854 1638 2.
1858 1587 1870 1608 '
1892 1589 2068 1639 Arnlz.
2127 1590 2261 1639 Mox
2285 1589 2419 1640 Gelio
2453 1588 2604 1641 Grac.
2631 1587 2733 1639 Ed·

508 1670 591 1717 pr.
649 1656 800 1705 Caelio
821 1656 972 1703 Grac.
1009 1653 1130 1703 Ald.
1194 1654 1412 1702 ‘Clodio
1434 1653 1668 1702 Granum.
1688 1664 1741 1701 et
1772 1654 1924 1704 Fran.
1983 1656 2146 1704 Clodio
2166 1656 2298 1704 Celio
2322 1654 2467 1705 Leid.
2491 1660 2538 1704 1.
2599 1654 2733 1704 Celio

508 1719 658 1769 Leid.
680 1724 730 1768 2.
766 1728 821 1768 et
865 1720 1038 1769 Hann.
1093 1717 1261 1768 Cloelio
1286 1719 1470 1766 Boend.
1507 1717 1663 1766 Vere.
1729 1720 1833 1767 Sed
1871 1721 1981 1770 haec
2009 1735 2106 1769 vox
2131 1722 2286 1770 variis
2307 1718 2732 1804 corruptionibus

507 1798 716 1846 semper
756 1785 858 1834 fnit
893 1784 1152 1845 exposita.
1220 1784 1361 1831 Vide
1395 1782 1465 1832 ad
1499 1779 1618 1831 Vai.
1649 1783 1934 1833 Maximum
1969 1783 2154 1863 frag-m.
2177 1786 2243 1835 de
2267 1785 2476 1835 Nomin.
2513 1799 2565 1846 p.
2595 1779 2732 1834 8762

507 1847 685 1899 Arnlz.
745 1845 902 1899 Infra
943 1848 1212 1899 Minatium
1244 1846 1368 1896 ΑΜ.
1434 1847 1700 1896 Minatium
1738 1849 1789 1896 in
1833 1850 1951 1911 Alg·
1992 1854 2180 1899 omisso
2213 1853 2467 1912 consulem,
2507 1848 2608 1899 Ed.
2650 1863 2734 1911 pr.

511 1914 684 1963 Verba
707 1930 814 1963 cum
835 1916 1052 1963 exercitu
1074 1914 1180 1961 det.
1215 1911 1397 1961 Arntz.
1464 1912 1734 1962 Praeterea
1756 1913 2056 1979 offenderant
2083 1916 2178 1965 Ed.
2198 1930 2276 1978 pr·
2343 1915 2582 1978 Denique
2603 1912 2732 1964 obsi,-

508 1978 591 2027 dio
612 1993 707 2041 pro
723 1980 961 2027 obsidione
983 1979 1131 2027 dedit
1156 1984 1211 2025 et
1238 1976 1472 2025 defendit
1487 1977 1690 2027 Schott
1710 1987 1762 2027 et
1783 1994 1900 2027 eum
1925 1982 2090 2029 secuti
2114 1978 2518 2030 habentGaesb.
2535 1978 2730 2040 Delph-

508 2043 697 2092 Pitisc.
701 2050 797 2094 —2
831 2043 1047 2092 Minutio
1083 2044 1165 2091 hic
1205 2050 1258 2090 et
1296 2043 1483 2105 ubique
1516 2043 1608 2089 Ed.
1631 2058 1711 2106 pr.
1779 2045 1911 2093 Tum
1948 2060 2049 2104 eJus
2085 2046 2300 2094 exercitu
2337 2043 2620 2093 obsidionali
2653 2058 2731 2091 co-

506 2123 626 2156 rona
651 2108 771 2157 Ald.
794 2110 990 2157 Schott.
1012 2108 1206 2157 Gaesb.
1225 2108 1422 2169 Delph.
1441 2107 1627 2155 Pitisc.
1647 2119 1816 2157 corona
1839 2125 1984 2159 aurea
2005 2117 2052 2159 et
2075 2109 2355 2159 obsidionali
2377 2125 2405 2158 e
2430 2108 2547 2158 cod.
2573 2109 2730 2157 Fran.

508 2171 801 2222 Arntzenii.
838 2172 1210 2227 ‘,Addendnm
1245 2172 1581 2220 suadentibus
1606 2174 1734 2221 Μαι.
1774 2176 1965 2222 Corona
1997 2190 2140 2223 aurea
2175 2175 2458 2223 obsidionali
2487 2176 2599 2221 don.
2630 2171 2734 2221 nisi

509 2240 687 2302 potius
712 2238 1104 2287 rescribendum
1124 2252 1238 2285 cum
1257 2253 1356 2285 uno
1373 2237 1722 2296 Ms.Sc}10tti‚
1748 2238 2032 2288 obsidionali
2052 2253 2196 2288 aurea
2218 2242 2420 2287 donatus
2439 2243 2543 2294 esl3
2577 2238 2731 2289 omis·-

510 2318 565 2352 sa
598 2318 728 2351 voce
752 2318 937 2353 corona.
942 2301 1146 2351 ’.Grut
1190 2302 1421 2363 --improb
1445 2301 1625 2350 Arntz.
1626 2306 1722 2350 -3
1764 2304 1821 2351 In
1845 2305 2074 2366 triumphi
2097 2305 2177 2352 die
2203 2303 2321 2352 And.
2352 2303 2530 2351 ‘Vera
2565 2310 2648 2352 est
2677 2307 2733 2351 et

509 2370 735 2432 genuina
775 2369 1005 2416 auctoris
1042 2381 1249 2428 manus,
1280 2367 1511 2429 triumphi
1533 2367 1630 2415 die.
1698 2368 1927 2419 Gramm-
1961 2369 2238 2430 triumphali
2260 2370 2355 2417 die.
2421 2367 2572 2417 Leid·
2594 2372 2643 2415 1.
2676 2373 2732 2416 et

509 2434 666 2486 1·-.tan
704 2433 955 2498 Z'riumpbi
974 2432 1116 2486 diem.
1165 2431 1314 2484 Leid.
1336 2437 1388 2482 2.
1411 2433 1586 2482 deleto
1608 2432 1706 2496 die,
1731 2433 2044 2498 simpliciter
2064 2434 2315 2498 mummii.
2367 2432 2494 2496 Sed,
2514 2439 2575 2484 nt
2604 2431 2733 2499 dixi,

509 2635 516 2641 ‘
571 2634 596 2662 ⁸
625 2626 1097 2691 Petulantissimum]
1134 2626 1267 2678 Nam
1291 2629 1308 2657 ‘
1329 2624 1417 2676 ἰΙΙο
1449 2625 1585 2676 duce
1656 2642 1770 2677 scos
1799 2629 1943 2691 ponit
1967 2630 2153 2680 Florus
2177 2645 2295 2692 cap.
2323 2629 2405 2679 11.

507 2718 651 2768 saepe
675 2705 811 2768 pulsi
833 2702 945 2753 foro
977 2703 1192 2766 tribuni,
1214 2702 1330 2752 fusa
1353 2717 1416 2752 ac
1435 2701 1584 2767 fuga·
1731 2712 1754 2738 θ
1792 2705 1959 2755 Cloelio
2008 2704 2251 2768 Graccho]
2305 2706 2396 2754 ‘Is
2432 2711 2540 2754 tum
2575 2705 2733 2769 longe

508 2787 564 2830 ta
588 2781 734 2844 plebs
755 2790 852 2832 est.
919 2780 1023 2832 Qui
1047 2780 1228 2829 obvius
1247 2777 1441 2840 fuerat,
1456 2780 1584 2827 mul-
1655 2780 1896 2847 princeps
1924 2785 1979 2832 in
2005 2782 2184 2847 AEquis
2208 2780 2361 2832 erat-⁹
2389 2780 2508 2832 Ltv.

509 2864 647 2907 tatus
704 2857 1034 2921 nudatusque
1088 2854 1334 2904 abibatz'
1386 2854 1582 2905 Livius.
1727 2854 1747 2890 ¹
1780 2860 1844 2915 Q.
1869 2859 2162 2923 Minucium]
2197 2860 2418 2909 Marcum
2442 2865 2594 2907 vocat
2616 2856 2735 2907 Flo·

509 2934 612 2988 Qui
637 2941 694 2983 et
715 2932 944 2983 ferocem
960 2934 1211 2997 juvenem
1238 2939 1413 2982 vocat.
1662 2945 1750 2981 rus
1784 2948 1825 2983 ι.
1858 2939 1938 2984 11.
1969 2936 2171 2985 Lucium
2208 2935 2402 2995 Livius,
2440 2934 2734 2998 Dionysius,

573 3009 597 3044 b
629 3007 913 3070 Abdicauit]
935 3006 1251 3057 ‘Abdicare’
1276 3008 1488 3056 verbnm
1502 3006 1580 3056 fo·
1664 3017 1718 3059 et
1745 3011 2054 3075 Capitolinae
2078 3013 2287 3062 tabuiae.

509 3100 682 3142 reuse,
719 3092 775 3134 et
818 3083 1014 3133 familia
1048 3083 1274 3147 abjicere
1309 3082 1582 3146 significat.
1724 3095 1752 3130 ε
1783 3087 1989 3150 Algido]
2031 3087 2274 3152 Algidum
2313 3087 2602 3153 AEquornm
2641 3100 2737 3151 op·

511 3161 617 3212 Sed
657 3160 921 3210 abdicatio
966 3159 1195 3207 moribus
1238 3158 1484 3208 Romanis
1524 3169 1581 3210 et
1664 3162 1841 3226 pidum
1866 3165 1920 3212 in
1943 3164 2112 3213 Latio·

512 3237 711 3301 legibus
731 3236 1023 3297 incognita;
1055 3250 1222 3299 neque
1242 3235 1580 3286 abdicavitfi·
1728 3238 1754 3273 ¹²
1786 3240 1986 3289 Nudum
2003 3238 2359 3301 minorantem]
2395 3238 2478 3287 Ex
2496 3249 2737 3302 precep-

512 3314 642 3364 linm
685 3311 949 3363 Quintius.
1030 3309 1327 3360 Dicendum
1366 3319 1448 3361 est
1488 3311 1582 3373 igi·
1666 3323 1740 3366 to.
1810 3316 1960 3379 virg.
1985 3317 2180 3378 Θεοῖς.
2206 3330 2245 3364 1·
2268 3314 2483 3365 ‘Nudus
2515 3328 2624 3373 an,
2656 3327 2736 3362 ge.

515 3400 600 3442 tur
634 3390 796 3439 verbo
828 3389 963 3451 juris
1002 3388 1214 3437 abusum
1248 3403 1364 3440 esse
1401 3389 1582 3440 Victo·
1667 3407 1724 3443 re
1758 3391 1966 3442 nudus)
2030 3393 2110 3441 Ex
2144 3393 2233 3440 itio
2267 3391 2520 3441 Hesiodi:
2554 3389 2737 3450 ’γυμνὸν

515 3481 646 3522 rem,
670 3467 744 3514 ita
769 3471 827 3513 ut
852 3477 946 3526 per
968 3463 1231 3525 abdicavit,
1252 3473 1266 3496 ⁸
1284 3480 1314 3514 e
1334 3481 1588 3530 conspec·
1668 3468 1895 3533 σπείρειν,
1929 3469 2112 3530 ’γυμνὸν
2146 3467 2198 3518 δὲ
2232 3469 2454 3531 βοωτεῖν,
2484 3470 2667 3529 γυμνὸν
2697 3466 2738 3515 ὅ·

513 3550 574 3593 tu
598 3555 690 3589 suo
713 3536 973 3595 removit,'
994 3541 1328 3590 intellexerit.
1396 3542 1589 3606 Neque
1669 3546 1893 3605 ἀμᾶσθαι.
1961 3545 2160 3595 Nudum
2184 3560 2360 3605 serere,
2379 3545 2557 3594 nudum
2576 3556 2735 3600 arare,

515 3618 653 3668 enim
687 3615 850 3664 inscio
873 3623 1036 3676 'patre
1070 3615 1121 3663 in
1147 3618 1359 3666 exilium
1385 3616 1590 3681 profec·
1672 3621 1872 3670 Nudum
1891 3626 2084 3670 metere.

518 3701 603 3744 tus
636 3700 718 3743 est
750 3693 922 3742 Caeao.
988 3692 1126 3742 Vide
1152 3694 1590 3744 Liv.111.ll.12.
1746 3695 1762 3728 ¹
1805 3696 1962 3746 Traia
2006 3695 2239 3760 Tiberim]
2306 3696 2324 3724 ‘
2368 3695 2428 3745 L.
2488 3694 2736 3748 Quintius

522 3775 606 3821 1⁸.
1661 3782 1804 3823 trans
1823 3774 2054 3823 Tiberim
2092 3781 2276 3823 contra
2309 3787 2455 3822 eam
2450 3772 2633 3837 ipsum
2658 3774 2735 3823 io·

582 3844 682 3895 0A
710 3818 1004 3907 censoribus]
1061 3846 1231 3895 Immo
1265 3860 1296 3896 a
1331 3847 1589 3898 tribunisz
1663 3865 1801 3913 cum,
1827 3850 1916 3899 ubi
1946 3864 2082 3899 nune
2113 3850 2322 3899 navalia
2346 3855 2490 3905 sunt,
2510 3855 2738 3912 quatuor

519 3925 716 3975 Livius.
784 3923 972 3988 Neque
1008 3924 1167 3983 enim,
1201 3930 1260 3973 ut
1293 3925 1489 3988 optime
1513 3927 1590 3975 vi·
1655 3927 1901 3992 jugerum
1941 3927 2151 3977 colebat
2195 3940 2394 3988 agrum,
2432 3941 2550 3990 quae
2586 3933 2737 3990 prata

517 4003 563 4052 ri
606 4002 767 4059 docti,
815 4016 877 4051 oa
923 4008 1241 4064 tempestate
1301 4002 1354 4050 in
1399 4003 1588 4066 repub.
1671 4002 2198 4053 Quintia-vocantur?
2234 4003 2349 4052 Liv·
2374 4016 2461 4051 m.
2482 4007 2566 4052 26.

521 4087 705 4142 erant3
739 4080 901 4130 creati
936 4080 1071 4129 enim
1110 4080 1328 4143 primum
1358 4095 1407 4130 a.
1429 4093 1588 4133 cccx.
1733 4075 1758 4110 ¹¹
1799 4080 1990 4128 Corona
2020 4092 2166 4127 aurea
2199 4083 2250 4127 et
2283 4076 2568 4127 obsidionali
2593 4078 2739 4142 [obsi-

520 4157 648 4207 abiit
689 4171 813 4206 vero
867 4158 919 4205 in
976 4156 1186 4233 exilium
1244 4156 1395 4205 Caeso
1449 4171 1607 4206 anno
1667 4155 1848 4207 dionah’
1884 4154 2079 4218 corona]
2124 4154 2256 4206 Quae
2297 4154 2566 4216 graminea.
2607 4160 2740 4210 erat.

518 4245 727 4283 ccxcu.
1670 4245 1736 4279 ex
1775 4246 1838 4280 eo
1874 4231 2126 4296 gramine,
2161 4229 2251 4279 ubi
2287 4229 2428 4279 cives
2466 4226 2738 4278 obsidione

585 4308 610 4341 ‘¹
652 4307 842 4358 Volscos
858 4314 903 4358 et
925 4305 1151 4370 Sabinos]
1185 4304 1377 4372 AEquos
1392 4314 1446 4357 et
1461 4306 1588 4356 Vol·
1669 4307 1877 4358 liberati
1911 4304 2141 4359 fuerant.
2205 4304 2311 4356 Sed
2348 4312 2548 4368 praeter
2588 4305 2738 4368 hanc,
