3023 4942
816 413 1044 461 carco
1094 409 1371 460 caNrrs
1419 410 1786 477 RoMANAE.
1862 410 2027 459 cn.
2064 412 2132 458 ι..
2490 392 2576 457 41

359 575 511 621 esse
544 548 964 638 perrectum,
989 547 1285 638 'eumque
1319 571 1458 618 non
1500 554 1571 617 iu
1614 545 1733 617 ora
1775 553 1954 618 litori
1993 554 2328 637 proxima,
2356 553 2476 617 sed
2507 556 2579 616 in
2656 529 2667 553 ’

356 656 785 733 interioribus
821 655 1014 732 lociS,
1047 655 1114 718 id
1145 661 1274 732 est,
1308 655 1611 737 Illyrico,
1643 658 1871 720 urbem
1902 655 2317 721 Pataviumm
2348 656 2581 719 condi-

357 758 571 834 disse,
608 761 682 820 ut
713 756 983 840 quidem
1024 756 1204 820 idem
1243 754 1572 837 Virgilius
1615 756 1757 820 illis
1800 758 2112 823 versibus
2156 777 2244 822 ex
2289 775 2579 840 persona

359 857 677 938 VeneriS,
718 858 903 942 apud
949 856 1194 925 Jovem
1239 857 1324 923 de
1370 860 1691 924 aerumuis
1722 858 1961 925 AEneee
2008 859 2116 924 sui
2161 877 2577 943 conqueren-

357 962 451 1025 tis
477 981 493 1021 z
862 1010 866 1014 .

536 1059 877 1127 Antenor¹²
905 1063 1127 1148 potuit
1155 1061 1394 1128 mediis
1426 1062 1707 1148 elapsus
1735 1061 2026 1128 Achivis

539 1163 851 1247 Illyricos
881 1174 1229 1248 penetrare
1257 1165 1502 1244 sinuS,⁰
1533 1173 1743 1249 atque
1776 1165 2013 1229 intima
2043 1168 2248 1242 tutuS,
2278 1168 2404 1229 διο.

357 1265 425 1330 6.
456 1263 687 1343 Quare
719 1276 943 1331 autem
970 1267 1305 1332 addiderit
1331 1264 1731 1345 ‘tutus,’Suo
1762 1268 1915 1331 loco
1945 1266 2340 1349 plenissime
2371 1285 2578 1331 auno-

359 1368 768 1432 tavimus-in
813 1370 1410 1448 commentatione,
1443 1390 1647 1454 quam
1691 1369 1824 1433 hoc
1864 1369 2157 1433 scribere
2187 1369 2581 1453 coepimuS,¹·

361 1469 631 1553 cognita
661 1490 751 1534 ex
779 1471 973 1550 libre,
995 1473 1111 1555 qui
1141 1472 1515 1557 inscriptus
1543 1478 1674 1550 est,
1699 1472 1840 1537 ‘De
1868 1469 2144 1555 Origine
2169 1469 2580 1537 Patavinae·

1284 1637 1438 1659 ΜΝ
1444 1635 1655 1657 θ’ΜθΟ

428 1732 569 1781 cap.
591 1746 630 1782 1.
696 1737 730 1782 6
750 1733 766 1760 ‘
787 1733 944 1789 Quam
965 1734 1050 1783 hoc
1072 1736 1268 1784 nullum
1335 1736 1436 1785 arit
1458 1750 1684 1784 sensnm.
1750 1735 2019 1784 Grunerus
2053 1734 2200 1782 malit
2232 1747 2373 1796 quam
2404 1733 2457 1782 in
2492 1735 2579 1783 hoc

361 1796 569 1845 scribere
590 1813 704 1860 coep.
729 1798 779 1846 h.
803 1813 852 1847 e.
884 1814 958 1857 se,
983 1814 1145 1862 quare
1168 1750 1413 1863 Virgllius
1435 1801 1700 1850 addiderit
1737 1805 1888 1863 tutus,
1914 1814 2007 1848 suo
2032 1800 2145 1849 loco
2170 1799 2464 1862 plenissime
2489 1814 2579 1846 an-

363 1867 574 1910 notasse
596 1863 649 1912 in
672 1864 1128 1926 commentatione,
1148 1880 1301 1929 quam
1323 1872 1338 1895 ‘
1360 1866 1412 1915 in
1436 1866 1536 1915 hoc
1560 1866 1763 1925 Virgilii
1783 1865 1797 1886 '
1828 1864 2117 1928 scripserit,
2142 1870 2195 1912 et
2223 1878 2337 1925 quae
2359 1864 2580 1911 habere-

363 1935 451 1975 tur
475 1927 527 1976 in
555 1928 686 1975 libro
711 1927 778 1977 de
795 1928 1017 1991 Origine
1039 1931 1318 1980 Patavina.
1384 1931 1547 1980 Klotz
1571 1939 1744 1982 tamen
1768 1930 1816 1976 in
1839 1928 2188 1978 Miscellaneis
2203 1927 2433 1981 Criticis,
2450 1928 2577 1975 Tra-

352 1991 491 2054 jecti
517 1991 589 2040 ad>
607 1993 862 2053 Rhenum,
889 1998 1035 2044 1⁷63.
1050 1995 1141 2072 pbi
1167 2010 1215 2043 c.
1231 1999 1280 2045 8.
1307 2010 1356 2056 p.
1379 1999 1461 2044 32.
1487 2011 1603 2059 sqq.
1631 1995 2102 2043 animadversiones
2133 1992 2348 2056 scripsit
2369 1994 2421 2041 in
2449 1991 2578 2042 Aur.

362 2057 655 2120 Victorem,
673 2059 789 2109 loco
806 2059 893 2108 Ιιοσ
913 2059 1044 2122 legit
1062 2058 1493 2111 nos-’Harlesius.
1559 2060 1696 2111 vide
1728 2061 1857 2111 Not.
1885 2058 2077 2122 Delph.
2107 2056 2202 2107 inf.
2270 2057 2419 2120 Mox,
2438 2071 2498 2106 ex
2523 2073 2582 2106 eo

1358 2202 1584 2257 NOTAE

423 2302 461 2331 ¹¹¹
503 2296 681 2347 Urbem
711 2297 998 2364 Patavium]
1032 2302 1201 2354 Quam
1234 2302 1303 2352 de
1333 2317 1426 2353 suo

357 2373 568 2423 nomine
591 2380 607 2402 ‘
624 2373 993 2426 Antenoriam'
1022 2380 1248 2434 vocavit,
1261 2378 1427 2428 cives-

357 2464 461 2514 que
495 2449 512 2477 ‘
530 2443 929 2515 Antenoridas3'
960 2455 1055 2505 sed
1082 2470 1200 2505 mox
1230 2461 1246 2484 ‘
1266 2455 1428 2506 Pata-

356 2525 527 2575 vium’
559 2535 615 2575 et
638 2531 929 2590 postremo‘
959 2530 1175 2580 Padua'
1213 2528 1315 2581 fuit
1336 2544 1427 2595 ap·

358 2602 593 2666 pellata.=

423 2684 450 2710 ¹¹
482 2678 724 2745 Antenor]
761 2679 968 2730 AEueid.
988 2694 1029 2732 1.
1061 2695 1195 2731 vers.
1216 2686 1329 2733 246.
1350 2683 1426 2734 lo·

359 2768 479 2804 cum
504 2754 608 2818 adj.

425 2838 450 2863 ⁰
484 2830 709 2895 Illyricos
737 2837 985 2895 penetrare
1015 2833 1174 2898 sinus]
1208 2836 1273 2885 In
1297 2836 1430 2886 mari

361 2904 650 2957 Adriatico.
711 2908 866 2958 Sinus
913 2918 1087 2960 autem
1135 2913 1426 2976 pluraliter,

360 2983 488 3047 quia
514 2998 658 3033 mare
690 2984 836 3044 illud,
859 2986 927 3035 ob
950 2986 1154 3035 diversa
1187 3002 1426 3051 promon-

361 3060 520 3119 toria,
542 3060 592 3109 iu
612 3061 787 3123 plures
812 3061 1143 3112 distribuitur
1164 3064 1329 3113 sinus.

426 3145 455 3179 Ρ
488 3137 648 3193 Quam
667 3137 753 3187 hoc
773 3138 982 3189 scribere
1002 3139 1245 3203 coepimus]
1293 3139 1428 3192 Mihi

358 3211 445 3262 liic
486 3214 632 3263 locus
672 3222 950 3277 corruptus
982 3215 1220 3266 videtura
1258 3231 1429 3282 neque

362 3289 501 3338 euim
524 3290 596 3339 ita
620 3304 909 3355 quenquam
934 3292 1165 3341 locutum
1184 3292 1432 3357 arbitror,

361 3380 505 3427 quam
539 3366 627 3415 Ιιοσ
660 3366 864 3415 scribere
878 3367 1123 3435 ‘coepimas
1158 3382 1253 3432 pro
1296 3374 1429 3418 ante·

360 3455 521 3503 quum,
562 3440 669 3501 hoc,
708 3444 791 3505 ὅτ.
843 3442 1015 3491 Fuere
1059 3444 1150 3508 qui
1193 3443 1430 3507 legerent

313 3547 318 3553 -
359 3530 503 3591 quam
523 3517 730 3566 scribere
747 3517 1022 3579 occepimus.
1074 3517 1143 3566 Id
1166 3526 1266 3581 est,
1287 3533 1429 3583 qnam

359 3593 816 3643 commentationem.
848 3593 951 3642 Sed
973 3594 1231 3658 quomodo
1253 3597 1428 3659 cogui-

360 3677 467 3718 tam
508 3668 996 3718 commentationem
1045 3669 1265 3727 diceret,
1309 3687 1427 3736 quae

360 3751 566 3795 tantum
585 3744 745 3795 scribi
776 3750 950 3808 coepta
974 3745 1078 3794 sit?
1134 3746 1292 3796 Dicet
1314 3746 1428 3811 quis

362 3834 479 3869 eam
515 3821 568 3870 in
604 3822 775 3883 plures
812 3826 990 3884 partes
1022 3820 1208 3877 dividi,
1240 3828 1293 3871 et
1325 3820 1429 3883 pri-

361 3910 497 3946 mam
543 3897 745 3961 vulgari
789 3896 1051 3960 potuisse;
1096 3896 1151 3946 id
1195 3910 1320 3946 vero
1357 3895 1430 3945 nil

361 3976 509 4031 aliud
551 3983 636 4027 est
676 3990 831 4040 quam
869 3989 927 4026 se
962 3981 1201 4039 argutum
1237 3975 1430 4026 facere.

360 4053 614 4116 Suspicor
648 4052 900 4115 scriptum
945 4050 1107 4102 fuisse
1143 4053 1303 4109 Quum
1343 4053 1431 4103 Ιωσ

361 4128 566 4179 scribere
608 4128 848 4191 coepimus,
889 4128 973 4190 ξε.
1015 4127 1071 4177 in
1110 4134 1430 4178 commenta-

362 4204 522 4254 tione·
542 4204 633 4253 illa
665 4204 879 4268 cognita
898 4218 1014 4253 cum
1036 4203 1270 4253 libellum
1292 4203 1430 4255 huuc

365 4279 595 4331 scribere
615 4281 883 4347 coepimus,
904 4294 972 4331 ex
993 4294 1058 4331 eo
1081 4277 1233 4345 libro,
1252 4282 1353 4330 &m

1574 2311 1601 2345 ἱ
1634 2304 1714 2353 De
1735 2303 1942 2364 Origine
1961 2300 2228 2365 Patavina]
2247 2301 2326 2350 Ex
2345 2299 2579 2353 hocloco

1505 2380 1738 2442 conjecit
1774 2379 1930 2432 Joan.
1962 2372 2211 2427 Metellus
2238 2376 2385 2438 hujus
2415 2373 2581 2423 libelli

1507 2463 1773 2512 auctorem
1805 2468 1918 2504 esse
1954 2452 2240 2503 Ascanium
2267 2451 2581 2501 Pedianum.

1506 2532 1638 2581 Erat
1671 2530 1807 2581 enim
1848 2529 2134 2580 Patavinns
2169 2528 2444 2588 Asconius,
2473 2541 2577 2591 quo

1505 2607 1716 2656 nomine
1751 2621 1865 2656 eum
1901 2607 2076 2670 potius
2105 2619 2257 2670 quam
2290 2604 2443 2653 alium
2467 2617 2576 2652 suae

1507 2683 1682 2745 gentis
1705 2682 1956 2745 originem
1987 2679 2261 2743 scripsisse
2299 2677 2578 2728 verisimile

1509 2766 1611 2809 est.
1678 2748 1785 2808 sld
1805 2758 1871 2807 de
1886 2757 1968 2808 his
1984 2755 2238 2820 judicium
2263 2768 2411 2804 suum
2434 2752 2578 2803 ferre

1509 2835 1662 2898 nimis
1706 2834 2050 2898 periculosum
2096 2836 2196 2882 est.
2258 2832 2379 2881 Hoc
2416 2842 2579 2879 unum

1509 2910 1683 2960 dicam
1721 2925 1824 2959 non
1861 2908 1988 2959 satis
2025 2905 2227 2972 liquere
2264 2907 2577 2956 Patavinum

1509 2984 1792 3037 Asconium
1815 2984 1995 3035 fuisse.
2036 2984 2193 3034 Nunc
2216 2990 2278 3031 ut
2299 2983 2364 3031 ad
2388 2980 2578 3031 librum

1508 3061 1579 3111 de
1633 3061 1855 3124 Origine
1913 3059 2174 3109 Patavina
2232 3065 2583 3120 revertamur,

1509 3152 1629 3188 eum
1664 3138 1774 3201 jam
1813 3137 1933 3186 olim
1973 3136 2191 3199 periisse
2236 3149 2450 3185 necesse
2495 3142 2579 3184 est

1510 3228 1630 3264 cum
1674 3213 1867 3263 nullam
1914 3211 2024 3275 ejus
2070 3210 2217 3259 ullibi
2264 3211 2579 3259 mentionem

1509 3290 1703 3341 factam
1730 3290 1976 3353 reperias,
2008 3303 2074 3338 ne
2099 3288 2236 3351 apud
2261 3298 2583 3337 commenta.

1510 3374 1652 3418 tores
1684 3368 1893 3434 quidem
1934 3364 2155 3427 Virgilii,
2183 3364 2269 3429 qui
2309 3365 2353 3414 si
2388 3365 2578 3414 librum

1508 3445 1654 3494 illum
1679 3443 1926 3492 vidissent
1943 3441 2069 3490 nihil
2092 3439 2334 3503 equidem
2353 3439 2420 3488 de
2439 3455 2580 3489 com-

1508 3519 1833 3570 mentatione
1866 3518 1956 3566 illa
1990 3531 2103 3579 quie
2140 3515 2204 3564 ad
2242 3530 2422 3565 vocem
2462 3519 2581 3566 ‘tn-

1509 3593 1627 3645 tus’
1667 3594 1867 3655 scripta
1908 3590 2093 3646 fuerat,
2133 3592 2441 3639 tacuissent.
2478 3593 2580 3642 Ni·

1509 3670 1788 3720 hilominus
1812 3677 1983 3716 tamen
2006 3665 2168 3715 cuivis
2191 3666 2244 3714 in
2268 3676 2454 3727 aperto
2477 3676 2579 3729 est,

1510 3760 1606 3796 cur
1629 3744 1881 3807 Virgilius
1907 3733 2171 3791 addiderit
2190 3747 2343 3805 tutus,
2372 3745 2580 3795 scilicet

1511 3821 1578 3871 ad
1611 3820 1901 3885 augendam
1933 3818 2212 3879 invidiam3
2249 3820 2396 3884 qnasi
2436 3820 2581 3870 dice·

1511 3904 1616 3960 ret,
1637 3896 1874 3946 Antenor
1897 3893 2130 3956 proditor
2154 3894 2238 3943 ille
2253 3896 2455 3956 patriae,
2475 3910 2579 3945 non

1513 3974 1668 4024 modo
1692 3974 1831 4023 sinus
1861 3970 2102 4035 Illyricos
2131 3977 2189 4020 et
2212 3971 2395 4020 intima
2418 3985 2580 4033 regna

1511 4051 1859 4101 Liburnorum
1894 4046 2212 4111 penetravit,
2246 4045 2336 4094 sed
2370 4050 2424 4094 et
2459 4053 2578 4096 tuto

1510 4126 1830 4192 penetravit.
1896 4125 2089 4174 AEneas
2132 4136 2277 4185 vero,
2322 4122 2410 4170 ille
2465 4123 2578 4184 pius

1513 4204 1704 4254 AEneas
1726 4217 1832 4252 non
1854 4200 2014 4251 modo
2030 4198 2183 4249 Italis
2208 4198 2361 4261 longe
2383 4197 2579 4261 disjun-

1515 4279 1658 4343 gitur
1700 4278 1826 4343 oris,
1875 4275 1972 4327 sed
2029 4272 2317 4339 infandum,
2357 4274 2581 4325 navibus
