3023 4942
835 410 934 459 ns
981 409 1233 458 snx‘ro
1282 407 1628 458 Aunssmo
1680 407 2036 456 vrcrons.
2475 389 2564 454 27

721 687 1255 754 GERARDUS
1309 687 1357 753 J
1365 686 1644 752 OANN
1649 685 1757 751 Es
1804 684 2212 753 VOSSIUS
2315 704 2322 710 ’

777 838 874 889 ΒΕ
909 838 1336 890 ms'romms
1373 838 1686 901 LATINIS,
1720 839 1843 888 Lm.
1866 851 1929 887 ιι.
1962 838 2168 889 ems.

348 1013 592 1076 Aurelii
641 1017 896 1081 Victoris
921 1027 1094 1089 oetas,
1143 1018 1444 1098 dignitas,
1488 1019 1686 1077 tenuis
1713 1021 1910 1098 origo,
1940 1017 2085 1077 libri
2123 1016 2242 1077 duo
2280 1018 2563 1097 genuini.

433 1113 553 1174 Sed
577 1114 726 1176 liber
752 1115 823 1176 de
856 1118 1115 1196 Origine
1145 1116 1359 1175 Gentis
1378 1115 1669 1175 Romame
1695 1114 1946 1175 alterius
1972 1123 2081 1186 est,
2113 1116 2219 1196 qui
2244 1123 2302 1174 et
2330 1115 2400 1174 de
2423 1115 2563 1173 Ori-

425 1212 575 1289 gine
625 1212 839 1272 Gentis
883 1214 1213 1273 Patavinae
1251 1212 1469 1291 egerit.
1555 1211 1876 1291 Religione
1914 1214 2097 1291 prior
2141 1212 2243 1271 ille
2284 1211 2560 1291 gentilis.

432 1306 582 1367 Duo
603 1308 714 1368 alii
735 1307 979 1369 Aurelii
1012 1307 1299 1381 Victores,
1331 1327 1486 1368 unus
1514 1308 1623 1367 hoc
1650 1310 1986 1388 antiquior,
2016 1308 2173 1368 alter
2197 1327 2259 1368 eo
2271 1309 2523 1388 junior.

436 1487 747 1554 Sux'rus
798 1487 1209 1553 Auassmus
1261 1487 1590 1563 Vic'ron,
1642 1488 1760 1571 qui
1816 1488 2145 1553 beneficio
2204 1487 2565 1553 clarissimi

348 1589 495 1668 viri,
526 1591 821 1656 Andreae
851 1591 1137 1667 Sohotti,
1170 1591 1421 1675 prodiit
1442 1592 1511 1655 in
1534 1592 1781 1666 lucem,
1809 1598 2011 1654 aetate
2030 1590 2206 1680 visit
2230 1590 2564 1656 Constan—

348 1693 426 1757 tii
457 1699 528 1756 et
555 1691 602 1756 J
607 1694 816 1757 uliani
849 1693 1369 1776 Imperatorum.
1410 1677 1419 1684 ’
1457 1693 1812 1777 Siquidem
1841 1694 1911 1756 in
1946 1692 2189 1758 Marco
2215 1691 2563 1757 Antonino

352 1794 772 1879 Philosopho
808 1798 930 1871 ait,
962 1802 982 1830 ‘
1016 1792 1375 1861 Constrata
1405 1800 1596 1860 terrae
1640 1803 1825 1859 motu
1859 1801 2087 1859 nostra
2119 1803 2322 1861 aetate
2355 1795 2565 1861 Nico·

348 1898 593 1976 media,
624 1898 886 1963 Cereali
935 1897 1256 1964 consule?
1343 1898 1438 1964 At
1485 1899 1813 1964 Neratius
1867 1897 2171 1963 Cerealis
2220 1906 2388 1984 post
2448 1915 2563 1963 lx.

354 1998 728 2073 Constantii
773 2002 1191 2065 consulatum
1243 2003 1485 2066 consul
1517 2002 1665 2065 suit.
1756 2000 1870 2066 Ad
1898 2002 2048 2067 haec
2079 2003 2148 2066 in
2180 2001 2227 2066 J
2234 2003 2372 2066 ulio
2404 2001 2571 2066 Phi·

349 2090 395 2164 h·
403 2122 541 2185 ppo
573 2103 814 2185 iuquit,
847 2112 867 2140 ‘
892 2103 1155 2168 Nostra
1183 2124 1456 2189 quoque
1487 2110 1711 2180 aetate,
1731 2111 1886 2188 post
1908 2104 2114 2182 mille,
2138 2104 2567 2179 centesimae,

352 2206 630 2269 consule
661 2205 1013 2289 Philippo,
1047 2207 1375 2284 excessit,
1405 2207 1631 2284 nullis,
1662 2207 1757 2271 uti
1787 2206 1984 2283 solet,
2017 2206 2413 2270 solennibus
2437 2204 2566 2270 fre·

348 2307 743 2391 quentatus.'
833 2308 1146 2392 Denique
1176 2310 1247 2372 in
1267 2308 1711 2374 Constantino
1740 2308 1857 2385 ait,
1881 2313 1910 2390 ξ
1932 2307 2041 2373 Ac
2071 2311 2395 2373 memoria
2415 2326 2568 2372 mea

349 2408 916 2490 Constantinum,’
960 2409 1224 2497 (malim
1261 2430 1412 2477 cum
1455 2412 1748 2478 Schotto
1803 2408 2269 2490 Constantium)
2299 2417 2321 2445 ‘
2354 2428 2569 2495 quan-

348 2530 555 2595 quam
606 2513 847 2577 ceteris
910 2520 1248 2597 promtum
1304 2514 1685 2594 virtutibuS,
1756 2514 1843 2578 ad
1889 2533 2106 2596 usque
2156 2521 2344 2578 astra
2385 2514 2566 2577 votis

351 2615 649 2677 omnium
682 2615 1102 2679 subvexeress
1189 2614 1420 2695 Quare
1465 2636 1588 2681 nec
1633 2617 1937 2694 dubium,
1968 2617 2125 2700 quin
2171 2616 2282 2680 hic
2328 2617 2416 2681 sit
2451 2616 2566 2680 ille

350 2713 672 2780 Aurelius
723 2714 989 2792 Victor,
1038 2718 1153 2802 qui
1200 2737 1354 2782 cum
1397 2715 1878 2783 Valentiniano
1925 2718 2164 2783 consul
2209 2718 2334 2782 suit
2385 2736 2564 2783 anno

353 2832 667 2881 Mcxxu.
753 2818 862 2883 Ac
910 2819 1106 2900 longe
1153 2821 1376 2885 minus
1412 2821 1708 2903 ambig0,
1738 2821 1901 2904 quin
1947 2821 2123 2885 idem
2178 2820 2266 2886 sit
2294 2817 2564 2900 Victor,

350 2919 433 2983 de
480 2939 615 3003 quo
669 2919 1205 2986 sic-Ammianus
1248 2923 1692 2987 Marcellinus
1723 2924 2054 2998 lib.³xx1.
2101 2928 2121 2960 ‘
2152 2920 2568 3007 Imperator’

346 3019 846 3103 (Constantius)
872 3027 1261 3089 ‘revertitur
1287 3023 1611 3113 Nassum,
1645 3027 2004 3110 copiosum
2040 3025 2394 3108 oppidum,
2430 3046 2566 3108 quo

349 3123 509 3187 inde
539 3125 850 3209 expedite
882 3135 1128 3191 cuncta
1158 3127 1542 3211 disponeret
1571 3129 1717 3192 suis
1736 3128 2147 3192 utilitatibus
2173 3126 2566 3211 profutura:

344 3228 471 3296 rubi
505 3226 850 3293 Victorem
877 3229 1061 3312 apud
1094 3230 1409 3295 Sirmium
1443 3232 1692 3307 visum,
1717 3231 2115 3314 scriptorem
2147 3229 2565 3307 historicum,

352 3330 602 3395 exinde
634 3335 858 3396 venire
890 3341 1328 3416 praeceptum,
1352 3333 1726 3399 Pannoniae
1770 3333 2091 3397 secundae
2143 3330 2565 3395 consularem

349 3433 678 3515 praefecit,
732 3440 800 3497 et
828 3433 1185 3498 honoravit
1215 3454 1408 3500 aenea
1439 3441 1689 3513 statua,
1740 3437 1958 3499 virum
1991 3434 2384 3499 sobrietatis
2417 3447 2565 3515 gra·
2597 3447 2609 3459 “

348 3532 442 3598 tia
474 3536 968 3611 multilaudum,
1003 3536 1212 3600 multo
1256 3544 1418 3620 post
1464 3536 1642 3601 Urbi
1683 3535 2127 3620 praefectum?
2213 3533 2443 3620 Atque
2473 3553 2565 3598 ex

352 3654 437 3698 eo
469 3636 624 3700 loco
658 3637 859 3700 simul
891 3639 1390 3720 cognoscimus,
1439 3658 1578 3722 quo
1608 3639 1876 3715 virtute,
1907 3647 1977 3702 et
2004 3638 2432 3703 honestarum
2465 3655 2566 3700 ar—

351 3737 514 3801 tium
541 3738 807 3814 studiiS,
833 3739 1200 3822 pertigerit,
1225 3741 1386 3804 licet
1416 3745 1438 3775 ‘
1461 3759 1606 3804 rure
1633 3748 1837 3817 ortus,
1859 3741 2175 3824 tenuique
2198 3746 2269 3803 et
2287 3738 2563 3803 indocto

349 3836 587 3922 patre,’
614 3847 688 3905 ut
720 3840 868 3923 ipse
891 3841 973 3905 de
995 3861 1066 3905 se
1098 3839 1341 3906 Victor
1362 3842 1429 3906 in
1465 3842 1719 3907 Severo
1745 3842 2000 3907 scribit.
2062 3840 2322 3905 Extant
2346 3839 2557 3923 hujus

349 3940 645 4006 Victoris
675 3943 825 4006 libri
860 3942 1016 4007 duo.
1106 3943 1303 4007 Prior
1333 3951 1437 4008 est
1468 3948 1490 3977 ‘
1515 3943 1596 4007 de
1615 3944 1806 4008 Viris
1831 3943 2209 4008 Illustribus
2229 3940 2247 3967 ’
2275 3964 2316 4007 a
2342 3943 2565 4010 Proca

350 4063 567 4126 usque
617 4043 704 4106 ad
741 4042 788 4107 J
794 4045 993 4111 ulium
1043 4044 1412 4123 Caesarem,
1458 4047 1575 4128 qui
1621 4044 1730 4108 vel
1776 4043 2087 4108 Cornelio
2132 4042 2413 4128 Nepoti,
2454 4047 2563 4109 vel

351 4144 580 4208 Plinio
615 4142 1139 4223 Novocomensi,
1170 4148 1283 4210 vel
1314 4146 1645 4211 Suetonio
1687 4147 1895 4211 etiam
1933 4145 2107 4210 salso
2137 4147 2334 4209 tribui
2364 4145 2561 4211 solet.

351 4247 544 4311 Alter
589 4247 888 4312 continet
931 4248 1107 4316 vitas
1160 4245 1509 4315 Caesarum
1567 4267 1789 4332 usque
1842 4247 1928 4314 ad
1985 4247 2246 4314 Juliani
2296 4248 2563 4314 tertium
