3023 4942
761 370 988 421 onleo
1036 374 1312 423 cervus
1361 374 1721 423 Romanas.
2469 362 2560 427 75

340 535 427 580 eo
460 515 534 580 in
566 516 755 593 loco,
789 519 905 601 qui
933 536 1112 582 nunc
1144 518 1487 601 Lupercal
1522 518 1809 595 dicitur,t
1848 520 2201 586 ludibundi
2232 521 2559 589 discurre-

336 625 549 695 rant,u
625 619 921 702 pellibus
984 619 1350 683 hostiarum
1373 628 1400 654 '‘
1444 627 1873 685 occursantes
1925 641 2229 705 quosque
2258 691 2262 695 ,
2289 624 2560 689 sibimet

339 721 834 801 verberantes3
882 729 1090 804 utque
1134 722 1411 785 solenne
1437 731 1465 769 Υ
1516 722 1922 786 sacrificium
1965 725 2096 787 sibi
2140 725 2560 808 posterisque

338 821 410 884 id
444 829 662 899 esset,
691 829 1082 894 sanxerunt,
1113 825 1615 909 separatimque
1648 844 1813 888 suos
1855 825 2383 908 appellaverunt,
2417 825 2557 890 Re·-

339 942 499 986 mus
537 923 824 1000 Fabios,
857 923 1190 989 Romulus
1225 925 1591 1003 Quintilios
1617 946 1633 990 :
1655 934 1680 961 ⁸
1725 946 2009 1008 quorum
2054 935 2407 1011 utrumque
2437 949 2558 992 no-

338 1045 500 1089 men
536 1027 905 1091 etiamnum
939 1028 1009 1089 in
1038 1029 1249 1090 sacris
1280 1033 1557 1091 manet.⁸
1641 1030 1706 1090 2.
1751 1023 1848 1092 At
1877 1048 2031 1092 vero
2054 1028 2177 1092 lib.
2209 1043 2295 1091 11.
2332 1030 2563 1093 Ponti-

336 1129 646 1192 ficalium
682 1129 1003 1211 proditur,
1033 1130 1284 1193 missos
1314 1131 1402 1194 ab
1434 1130 1736 1205 Amulio,
1769 1132 1886 1213 qui
1919 1130 2207 1194 Remum
2241 1152 2561 1214 pecorum

337 1237 691 1313 pastorem
725 1232 1170 1295 attraherent:
1203 1251 1358 1296 cum
1386 1251 1522 1295 non
1556 1233 1877 1296 auderent
1905 1235 1967 1296 ei
1999 1234 2131 1297 vim
2158 1233 2413 1311 afferre,
2440 1255 2562 1318 op-

338 1342 717 1415 portunum
750 1341 1018 1416 tempus
1052 1332 1186 1396 sibi
1233 1334 1317 1397 ad
1373 1333 1825 1398 insidiandum
1878 1331 2135 1413 nactos,
2190 1337 2370 1418 quod
2418 1349 2563 1400 tum

339 1434 699 1499 Romulus
733 1436 987 1511 aberat,
1008 1456 1219 1517 genus
1248 1438 1440 1521 lusus
1469 1437 1840 1514 simulasse,
1870 1438 2139 1520 quinam
2172 1458 2396 1501 eorum
2421 1458 2562 1501 ma-

344 1528 557 1601 nibus
591 1543 745 1620 post
772 1544 960 1619 terga
988 1538 1217 1619 ligatis
1267 1537 1625 1623 lapidem,¹’
1667 1558 1801 1622 quo
1829 1539 1991 1603 lana
2021 1540 2339 1622 pensitari
2382 1540 2558 1603 sole-

340 1640 490 1718 bat,
510 1640 853 1704 mordicus
878 1642 1241 1718 sublatum,
1269 1662 1473 1723 quam
1493 1642 1881 1724 longissime
1903 1642 2239 1725 perferret.
2284 1643 2350 1707 3.
2381 1642 2565 1709 Tum

342 1739 647 1805 Remum
689 1741 942 1807 fiducia
971 1743 1204 1807 virium
1235 1746 1301 1807 in
1330 1743 1745 1808 Aventinum
1783 1765 1996 1829 usque
2031 1766 2106 1811 se
2150 1747 2566 1829 perlaturum

344 1843 812 1927 spopondisse
834 1866 850 1909 ε
871 1844 1049 1923 dein,
1081 1853 1445 1929 postquam
1475 1846 1756 1911 vincirie
1788 1866 1862 1911 se
1892 1867 2140 1931 passus
2166 1855 2289 1924 est,
2312 1846 2567 1914 Albam

340 1947 793 2010 abstractum.
841 1945 1048 2026 Quod
1078 1956 1437 2034 postquam
1466 1949 1801 2014 Romulus
1834 1951 2290 2033 comperisset,
2323 1956 2566 2016 coacta

343 2055 696 2131 pastorum
728 2070 958 2125 manu,
985 2052 1297 2134 eaquelin
1327 2061 1651 2117 centenos
1674 2052 1977 2116 homines
2008 2051 2382 2128 distributa,
2413 2070 2565 2136 per·

342 2151 520 2214 ticas
554 2152 918 2235 manipulis
948 2150 1154 2218 foenid
1185 2154 1368 2218 varie
1401 2153 1705 2218 formatis
1738 2155 1806 2217 in
1836 2174 2098 2218 summo
2120 2153 2422 2238 junctaS,
2452 2154 2565 2218 de-

341 2251 557 2329 disse,
576 2273 712 2337 quo
737 2253 1006 2318 facilius
1030 2275 1113 2319 eo
1137 2255 1326 2337 signo
1348 2275 1546 2319 suum
1573 2256 1857 2338 quisque
1882 2255 2120 2319 ducem
2150 2266 2568 2339 sequeretur.

343 2355 410 2416 4.
457 2354 662 2419 Unde
712 2356 1115 2435 institutum,
1168 2364 1244 2420 ut
1297 2362 1537 2440 postea
1586 2358 1857 2433 militeS,
1890 2357 2006 2439 qui
2060 2356 2360 2443 ejusdem
2393 2356 2565 2438 signi

345 2464 609 2534 essent,
654 2458 1110 2542 manipulares
1150 2458 1553 2524 dicerentur.
1655 2458 1892 2542 Itaque
1937 2458 2024 2523 ab
2071 2479 2179 2535 eo,
2228 2477 2562 2541 oppresso

349 2561 658 2638 Amulio,
678 2562 946 2626 fratrem
974 2564 1260 2628 vinculis
1283 2564 1657 2641 liberatum,
1679 2582 1880 2627 avum
1900 2582 2100 2644 regno
2118 2563 2521 2625 restitutum.

1375 2704 1593 2755 No‘rAE

1816 375 1984 425 OAP.
2032 376 2239 424 xxu.

414 2803 432 2835 ⁸
468 2801 701 2865 Lupercal
741 2802 942 2867 dicitur]
985 2801 1049 2851 Iu
1086 2801 1217 2851 colle
1260 2801 1414 2850 Pala·

352 2879 484 2927 tino.

417 2962 445 2987 ¹¹
478 2955 754 3006 Ludibundi
788 2955 1136 3017 discurrerant]
1169 2957 1416 3019 Luperci,

350 3031 500 3092 nudi,
534 3035 817 3096 pet-*jocum
843 3042 898 3081 et
927 3033 1190 3081 lasciviam
1215 3033 1415 3081 discur-

351 3118 548 3165 rentes,
565 3109 746 3159 obvios
768 3125 1000 3174 quosque
1019 3109 1246 3172 caprinis
1271 3111 1417 3172 pelli-

355 3185 453 3233 bus
478 3188 763 3235 terrebant.

366 3323 369 3328 .
420 3268 447 3293 ¹
483 3261 694 3309 Pellibus
736 3259 1021 3322 hostiarum]
1091 3261 1416 3322 Caprarnm3

352 3352 473 3385 uam
499 3339 558 3385 iis
585 3340 760 3388 Fauno
779 3337 1065 3387 faciebant.

421 3422 442 3457 1
477 3415 704 3478 Solenne]
753 3415 934 3466 Scribo
967 3416 1189 3473 solenna-
1227 3413 1280 3463 id
1317 3421 1421 3477 est,

358 3505 598 3540 annuum.
660 3492 834 3541 Tibul.
878 3491 1033 3539 ‘Hoc
1081 3492 1296 3540 solenne
1339 3505 1418 3539 sa·

355 3569 520 3623 crum,
549 3577 762 3617 cunctos
792 3568 891 3617 hoc
918 3574 1090 3616 sumet
1112 3568 1162 3615 iu
1189 3566 1387 3616 annos!

417 3652 440 3678 ¹
476 3645 656 3693 Remus
677 3644 873 3707 Fabios,
896 3645 1037 3693 Rom.
1066 3644 1261 3706 Quint]
1298 3643 1420 3693 vid.
1454 3641 1465 3646 ’

359 3719 517 3771 ovid.
534 3722 660 3771 libb.
685 3735 747 3770 11.
773 3735 861 3770 nr.
889 3721 1051 3770 Julius
1065 3722 1129 3769 de
1147 3735 1239 3770 suo
1257 3721 1421 3770 nomi-

355 3812 423 3848 ne
442 3799 645 3848 addidit
661 3800 769 3851 Jul.
792 3801 984 3849 Caesar.
1034 3800 1138 3848 Dio
1173 3801 1209 3848 l.
1233 3812 1388 3849 κων.

420 3882 446 3909 ⁸
477 3876 538 3923 In
558 3877 707 3925 sacris
727 3879 911 3942 manet]
946 3876 1164 3925 Romani
1200 3877 1333 3925 enim
1370 3877 1421 3925 in

357 3953 515 4000 saeris
561 3953 768 4002 nomina
813 3952 1050 4016 quaedam
1091 3951 1220 4002 dicis
1264 3959 1422 4000 eausa

359 4027 594 4076 solebant
621 4028 891 4090 proferre;
916 4029 965 4076 iu
985 4029 1180 4091 nuptiis
1205 4030 1221 4056 ‘
1241 4028 1419 4079 caiam

360 4106 619 4155 Caeciliam
635 4105 652 4128 '
676 4113 730 4154 et
750 4106 766 4133 ‘
784 4105 1176 4167 Talassionem3’
1216 4107 1266 4154 in
1291 4108 1419 4172 Ves-

360 4182 451 4230 tali
484 4182 744 4245 capienda
775 4183 791 4209 ‘
817 4182 1055 4232 Amatam
1074 4182 1109 4243 ς’
1150 4184 1202 4230 in
1234 4183 1421 4232 Saliari

358 4260 583 4310 carmine
636 4259 652 4287 ‘
681 4260 892 4310 Luciam
937 4260 1281 4324 Volumniam,
1307 4260 1322 4283 '
1366 4266 1422 4310 et

1496 2807 1513 2830 ‘
1539 2800 1849 2851 Mamurium
1889 2798 2209 2861 Veturiumg’
2253 2799 2328 2850 sie
2367 2800 2420 2849 in
2462 2800 2566 2850 Lu-

1497 2877 1792 2942 percalibus
1816 2880 1833 2908 ⁴
1860 2878 2043 2927 Fabios
2062 2877 2079 2900 '
2098 2885 2153 2926 et
2178 2884 2193 2906 ⁸
2215 2875 2538 2929 Quintilios?

1560 2954 1585 2988 δ
1605 2955 1857 3018 Lapidem]
1890 2954 2171 3018 Lapidibus
2198 2956 2333 3003 enim
2357 2963 2567 3004 veteres

1497 3030 1565 3080 ad
1603 3032 2000 3095 ponderandum
2038 3032 2337 3091 utebantur,
2370 3032 2458 3095 (ut
2496 3046 2567 3081 ex

1497 3110 1645 3157 libris
1667 3109 1838 3158 Sacris
1862 3118 2038 3158 uotum
2064 3107 2191 3171 est‚)
2215 3116 2268 3156 et
2292 3110 2365 3157 ita
2388 3101 2567 3168 hodie-

1497 3199 1599 3249 que
1625 3186 1929 3252 quibusdam
1953 3183 2001 3233 in
2027 3187 2153 3234 locis
2177 3186 2373 3233 rustici.

1563 3268 1587 3294 ⁰
1620 3260 1770 3322 Dein,
1816 3267 2066 3325 postquam
2120 3262 2319 3326 vinciri]
2389 3255 2564 3312 Livius

1498 3329 1697 3398 narrat,
1732 3338 1897 3386 Remo
1932 3345 1986 3385 et
2023 3337 2239 3387 Romulo
2267 3338 2567 3401 Lupercali-

1501 3411 1599 3462 bus
1624 3411 1834 3475 deditis,
1859 3413 2089 3462 latrones
2123 3414 2189 3463 ob
2214 3415 2339 3462 iram
2369 3415 2565 3477 praedae

1501 3491 1703 3539 amissae
1748 3490 2054 3552 insidiatos3
2099 3490 2373 3540 Romulum
2413 3506 2468 3540 se
2514 3492 2567 3541 vi

1499 3565 1819 3621 defendisse,
1845 3567 2060 3615 Remum
2086 3575 2297 3629 captum
2325 3575 2380 3617 et
2405 3565 2566 3616 Amu-

1501 3643 1570 3691 lio
1594 3642 1705 3704 regi
1727 3641 1997 3691 traditum.

1566 3716 1591 3750 ‘¹
1638 3718 1857 3766 Perticae
1909 3717 2165 3779 manipulis
2202 3718 2353 3781 foeni]
2422 3718 2568 3769 Nota

1503 3792 1881 3855 manipulorum
1924 3794 2171 3855 originem
2217 3802 2339 3843 ante
2383 3796 2567 3845 urbem

1503 3870 1790 3919 conditam.
1873 3868 2033 3918 Ovid.
2078 3870 2219 3918 Fast.
2264 3883 2356 3919 nr.
2414 3871 2429 3898 ‘
2466 3868 2569 3920 Ill-a

1502 3945 1711 4009 quidem
1757 3942 1916 4005 foeno,
1971 3944 2063 3992 sed
2106 3952 2221 3993 erat
2276 3947 2571 3994 reverentia

1502 4021 1658 4077 steno,
1691 4021 1948 4072 Quantam
1986 4033 2124 4067 niune
2160 4021 2357 4084 aquilas
2396 4022 2569 4069 cernis

1502 4098 1694 4145 habere
1719 4104 1854 4144 tuas.
1921 4095 2138 4144 Pei-tica
2150 4110 2423 4154 suspensos
2449 4111 2567 4158 por-

1506 4172 1657 4222 tabat
1692 4173 1850 4234 longa
1880 4171 2167 4234 maniplos:
2214 4170 2367 4221 Unde
2405 4172 2568 4221 mani·

1505 4250 1668 4315 pluris
1690 4250 1898 4299 nomina
1920 4248 2065 4298 miles
2091 4245 2286 4298 habet?
