<?xml version="1.0" encoding="UTF-8"?>
<!DOCTYPE html PUBLIC "-//W3C//DTD XHTML 1.0 Transitional//EN"
    "http://www.w3.org/TR/xhtml1/DTD/xhtml1-transitional.dtd">
<html xmlns="http://www.w3.org/1999/xhtml" xml:lang="en" lang="en">
 <head>
  <title>
</title>
<meta http-equiv="Content-Type" content="text/html;charset=utf-8" />
  <meta name='ocr-system' content='tesseract 3.04.00' />
  <meta name='ocr-capabilities' content='ocr_page ocr_carea ocr_par ocr_line ocrx_word'/>
</head>
<body>
  <div class='ocr_page' id='page_1' title='image "./historiaromanav00victgoog_0292.png"; bbox 0 0 3023 4942; ppageno 0'>
   <div class='ocr_carea' id='block_1_1' title="bbox 494 366 2111 448">
    <p class='ocr_par' dir='ltr' id='par_1_1' title="bbox 494 366 2111 448">
     <span class='ocr_line' id='line_1_1' title="bbox 494 366 2111 448; baseline 0.007 -13"><span class='ocrx_word' id='word_1_1' title='bbox 494 366 628 436; x_wconf 73' lang='lat'><strong>284</strong></span> <span class='ocrx_word' id='word_1_2' title='bbox 939 417 957 443; x_wconf 84' lang='lat'>.</span> <span class='ocrx_word' id='word_1_3' title='bbox 1091 392 1325 445; x_wconf 67' lang='lat' dir='ltr'><strong>saxu</strong></span> <span class='ocrx_word' id='word_1_4' title='bbox 1377 394 1703 443; x_wconf 63' lang='lat' dir='ltr'><strong>ananan</strong></span> <span class='ocrx_word' id='word_1_5' title='bbox 1759 395 2111 448; x_wconf 71' lang='lat' dir='ltr'><strong>vlc‘roats</strong></span> 
     </span>
    </p>
   </div>
   <div class='ocr_carea' id='block_1_2' title="bbox 486 533 2706 1446">
    <p class='ocr_par' dir='ltr' id='par_1_2' title="bbox 486 533 2706 1446">
     <span class='ocr_line' id='line_1_2' title="bbox 494 533 2703 629; baseline 0.01 -35"><span class='ocrx_word' id='word_1_6' title='bbox 494 533 884 615; x_wconf 75' lang='lat' dir='ltr'><strong>praeclarior</strong></span> <span class='ocrx_word' id='word_1_7' title='bbox 927 534 1001 598; x_wconf 82' lang='lat' dir='ltr'><strong>in</strong></span> <span class='ocrx_word' id='word_1_8' title='bbox 1047 537 1309 618; x_wconf 81' lang='lat' dir='ltr'><strong>republ.</strong></span> <span class='ocrx_word' id='word_1_9' title='bbox 1352 537 1487 604; x_wconf 84' lang='lat' dir='ltr'><strong>fuit</strong></span> <span class='ocrx_word' id='word_1_10' title='bbox 1529 558 1770 606; x_wconf 86' lang='lat' dir='ltr'><strong>nemo:</strong></span> <span class='ocrx_word' id='word_1_11' title='bbox 1824 543 1965 626; x_wconf 89' lang='lat' dir='ltr'><strong>qui,</strong></span> <span class='ocrx_word' id='word_1_12' title='bbox 2021 562 2412 629; x_wconf 78' lang='lat' dir='ltr'><strong>quanquam</strong></span> <span class='ocrx_word' id='word_1_13' title='bbox 2460 553 2703 615; x_wconf 79' lang='lat' dir='ltr'><strong>exacta</strong></span> 
     </span>
     <span class='ocr_line' id='line_1_3' title="bbox 495 638 2702 729; baseline 0.007 -30"><span class='ocrx_word' id='word_1_14' title='bbox 495 641 717 714; x_wconf 79' lang='lat' dir='ltr'><strong>aetate,</strong></span> <span class='ocrx_word' id='word_1_15' title='bbox 748 642 1110 716; x_wconf 87' lang='lat' dir='ltr'><strong>mortuum,</strong></span> <span class='ocrx_word' id='word_1_16' title='bbox 1133 638 1459 722; x_wconf 81' lang='lat' dir='ltr'><strong>justitiom</strong></span> <span class='ocrx_word' id='word_1_17' title='bbox 1509 642 1925 729; x_wconf 84' lang='lat' dir='ltr'><strong>elogioque¹¹</strong></span> <span class='ocrx_word' id='word_1_18' title='bbox 1975 645 2351 728; x_wconf 85' lang='lat' dir='ltr'><strong>lugendum</strong></span> <span class='ocrx_word' id='word_1_19' title='bbox 2392 664 2702 729; x_wconf 77' lang='lat' dir='ltr'><strong>sanxere,</strong></span> 
     </span>
     <span class='ocr_line' id='line_1_4' title="bbox 493 739 2701 825; baseline 0.008 -25"><span class='ocrx_word' id='word_1_20' title='bbox 493 744 870 803; x_wconf 81' lang='lat' dir='ltr'><strong>astruentes</strong></span> <span class='ocrx_word' id='word_1_21' title='bbox 917 739 1119 803; x_wconf 89' lang='lat' dir='ltr'><strong>Illum</strong></span> <span class='ocrx_word' id='word_1_22' title='bbox 1151 741 1417 825; x_wconf 89' lang='lat' dir='ltr'><strong>justum</strong></span> <span class='ocrx_word' id='word_1_23' title='bbox 1447 747 1697 822; x_wconf 87' lang='lat' dir='ltr'><strong>nasci‚⁰</strong></span> <span class='ocrx_word' id='word_1_24' title='bbox 1741 753 1861 811; x_wconf 90' lang='lat' dir='ltr'><strong>aut</strong></span> <span class='ocrx_word' id='word_1_25' title='bbox 1890 749 2106 814; x_wconf 87' lang='lat' dir='ltr'><strong>emori</strong></span> <span class='ocrx_word' id='word_1_26' title='bbox 2143 749 2415 818; x_wconf 89' lang='lat' dir='ltr'><strong>minime</strong></span> <span class='ocrx_word' id='word_1_27' title='bbox 2462 772 2701 818; x_wconf 88' lang='lat' dir='ltr'><strong>conve-</strong></span> 
     </span>
     <span class='ocr_line' id='line_1_5' title="bbox 490 841 2700 931; baseline 0.007 -28"><span class='ocrx_word' id='word_1_28' title='bbox 490 841 702 904; x_wconf 84' lang='lat' dir='ltr'><strong>nisse.</strong></span> <span class='ocrx_word' id='word_1_29' title='bbox 821 843 888 904; x_wconf 80' lang='lat'><strong>7.</strong></span> <span class='ocrx_word' id='word_1_30' title='bbox 943 843 1220 909; x_wconf 85' lang='lat' dir='ltr'><strong>Scilicet</strong></span> <span class='ocrx_word' id='word_1_31' title='bbox 1269 846 1452 929; x_wconf 88' lang='lat' dir='ltr'><strong>quod</strong></span> <span class='ocrx_word' id='word_1_32' title='bbox 1476 855 1505 897; x_wconf 80' lang='grc' dir='ltr'><strong>Ρ</strong></span> <span class='ocrx_word' id='word_1_33' title='bbox 1573 849 1995 931; x_wconf 82' lang='lat' dir='ltr'><strong>corrigendis</strong></span> <span class='ocrx_word' id='word_1_34' title='bbox 2036 846 2340 918; x_wconf 85' lang='lat' dir='ltr'><strong>moribus</strong></span> <span class='ocrx_word' id='word_1_35' title='bbox 2399 855 2700 931; x_wconf 84' lang='lat' dir='ltr'><strong>nimium,</strong></span> 
     </span>
     <span class='ocr_line' id='line_1_6' title="bbox 490 945 2699 1034; baseline 0.009 -31"><span class='ocrx_word' id='word_1_36' title='bbox 490 950 864 1026; x_wconf 83' lang='lat' dir='ltr'><strong>postquam</strong></span> <span class='ocrx_word' id='word_1_37' title='bbox 905 945 992 1008; x_wconf 88' lang='lat' dir='ltr'><strong>ad</strong></span> <span class='ocrx_word' id='word_1_38' title='bbox 1035 952 1330 1012; x_wconf 88' lang='lat' dir='ltr'><strong>veterum</strong></span> <span class='ocrx_word' id='word_1_39' title='bbox 1362 950 1837 1024; x_wconf 83' lang='lat' dir='ltr'><strong>innocentiam,</strong></span> <span class='ocrx_word' id='word_1_40' title='bbox 1869 954 2066 1034; x_wconf 87' lang='lat' dir='ltr'><strong>quasi</strong></span> <span class='ocrx_word' id='word_1_41' title='bbox 2093 957 2419 1019; x_wconf 87' lang='lat' dir='ltr'><strong>mentium</strong></span> <span class='ocrx_word' id='word_1_42' title='bbox 2452 958 2699 1022; x_wconf 56' lang='lat' dir='ltr'><strong>sanitas-</strong></span> 
     </span>
     <span class='ocr_line' id='line_1_7' title="bbox 490 1049 2702 1136; baseline 0.008 -31"><span class='ocrx_word' id='word_1_43' title='bbox 490 1049 650 1122; x_wconf 85' lang='lat' dir='ltr'><strong>tem,</strong></span> <span class='ocrx_word' id='word_1_44' title='bbox 706 1056 1162 1128; x_wconf 87' lang='lat' dir='ltr'><strong>pervenerant,</strong></span> <span class='ocrx_word' id='word_1_45' title='bbox 1215 1051 1609 1117; x_wconf 85' lang='lat' dir='ltr'><strong>clementem</strong></span> <span class='ocrx_word' id='word_1_46' title='bbox 1662 1053 1977 1119; x_wconf 86' lang='lat' dir='ltr'><strong>habuere.</strong></span> <span class='ocrx_word' id='word_1_47' title='bbox 2074 1057 2138 1120; x_wconf 84' lang='lat'><strong>8.</strong></span> <span class='ocrx_word' id='word_1_48' title='bbox 2187 1056 2299 1121; x_wconf 85' lang='lat' dir='ltr'><strong>Ita</strong></span> <span class='ocrx_word' id='word_1_49' title='bbox 2351 1058 2702 1136; x_wconf 79' lang='lat' dir='ltr'><strong>honestaS,</strong></span> 
     </span>
     <span class='ocr_line' id='line_1_8' title="bbox 489 1147 2706 1242; baseline 0.008 -34"><span class='ocrx_word' id='word_1_50' title='bbox 489 1164 646 1226; x_wconf 82' lang='lat' dir='ltr'><strong>quae</strong></span> <span class='ocrx_word' id='word_1_51' title='bbox 694 1147 1030 1232; x_wconf 88' lang='lat' dir='ltr'><strong>principio</strong></span> <span class='ocrx_word' id='word_1_52' title='bbox 1090 1153 1301 1216; x_wconf 88' lang='lat' dir='ltr'><strong>anxia</strong></span> <span class='ocrx_word' id='word_1_53' title='bbox 1371 1152 1687 1233; x_wconf 85' lang='lat' dir='ltr'><strong>habetur,</strong></span> <span class='ocrx_word' id='word_1_54' title='bbox 1763 1157 1879 1220; x_wconf 90' lang='lat' dir='ltr'><strong>ubi</strong></span> <span class='ocrx_word' id='word_1_55' title='bbox 1933 1157 2305 1238; x_wconf 88' lang='lat' dir='ltr'><strong>contigerit,</strong></span> <span class='ocrx_word' id='word_1_56' title='bbox 2368 1160 2706 1242; x_wconf 86' lang='lat' dir='ltr'><strong>voluptati</strong></span> 
     </span>
     <span class='ocr_line' id='line_1_9' title="bbox 486 1248 2702 1344; baseline 0.007 -34"><span class='ocrx_word' id='word_1_57' title='bbox 486 1248 910 1332; x_wconf 81' lang='lat' dir='ltr'><strong>luxuriaeque</strong></span> <span class='ocrx_word' id='word_1_58' title='bbox 943 1257 1071 1316; x_wconf 89' lang='lat' dir='ltr'><strong>est.</strong></span> <span class='ocrx_word' id='word_1_59' title='bbox 1159 1254 1226 1317; x_wconf 90' lang='grc'><strong>9.</strong></span> <span class='ocrx_word' id='word_1_60' title='bbox 1274 1254 1726 1320; x_wconf 88' lang='lat' dir='ltr'><strong>Pescennium</strong></span> <span class='ocrx_word' id='word_1_61' title='bbox 1752 1257 2035 1340; x_wconf 78' lang='lat' dir='ltr'><strong>Nigrum</strong></span> <span class='ocrx_word' id='word_1_62' title='bbox 2069 1260 2250 1342; x_wconf 91' lang='lat' dir='ltr'><strong>apud</strong></span> <span class='ocrx_word' id='word_1_63' title='bbox 2274 1259 2702 1344; x_wconf 71' lang='lat' dir='ltr'><strong>Cyzicenos,·³</strong></span> 
     </span>
     <span class='ocr_line' id='line_1_10' title="bbox 486 1348 2701 1446; baseline 0.007 -33"><span class='ocrx_word' id='word_1_64' title='bbox 486 1348 796 1416; x_wconf 87' lang='lat' dir='ltr'><strong>Clodium</strong></span> <span class='ocrx_word' id='word_1_65' title='bbox 840 1352 1162 1419; x_wconf 87' lang='lat' dir='ltr'><strong>Albinum</strong></span> <span class='ocrx_word' id='word_1_66' title='bbox 1214 1356 1572 1441; x_wconf 77' lang='lat' dir='ltr'><strong>Lugduni‘</strong></span> <span class='ocrx_word' id='word_1_67' title='bbox 1616 1363 1834 1426; x_wconf 81' lang='lat' dir='ltr'><strong>victos</strong></span> <span class='ocrx_word' id='word_1_68' title='bbox 1883 1360 2110 1444; x_wconf 69' lang='lat' dir='ltr'><strong>coegit</strong></span> <span class='ocrx_word' id='word_1_69' title='bbox 2151 1365 2361 1427; x_wconf 86' lang='lat' dir='ltr'><strong>mori:</strong></span> <span class='ocrx_word' id='word_1_70' title='bbox 2418 1383 2701 1446; x_wconf 85' lang='lat' dir='ltr'><strong>quorum</strong></span> 
     </span>
    </p>
   </div>
   <div class='ocr_carea' id='block_1_3' title="bbox 1408 1522 1779 1545">
    <p class='ocr_par' dir='ltr' id='par_1_3' title="bbox 1408 1522 1779 1545">
     <span class='ocr_line' id='line_1_11' title="bbox 1408 1522 1779 1545; baseline 0 -2"><span class='ocrx_word' id='word_1_71' title='bbox 1408 1522 1467 1543; x_wconf 68' lang='lat'><strong>00</strong></span> <span class='ocrx_word' id='word_1_72' title='bbox 1469 1523 1779 1545; x_wconf 54' lang='lat' dir='ltr'><strong>OOOOOOOOOO</strong></span> 
     </span>
    </p>
   </div>
   <div class='ocr_carea' id='block_1_4' title="bbox 432 1613 2704 2727">
    <p class='ocr_par' dir='ltr' id='par_1_4' title="bbox 432 1613 2704 2727">
     <span class='ocr_line' id='line_1_12' title="bbox 482 1613 2700 1688; baseline 0.006 -27"><span class='ocrx_word' id='word_1_73' title='bbox 482 1613 624 1663; x_wconf 69' lang='lat' dir='ltr'><strong>habet</strong></span> <span class='ocrx_word' id='word_1_74' title='bbox 646 1615 781 1679; x_wconf 85' lang='lat' dir='ltr'><strong>conj.</strong></span> <span class='ocrx_word' id='word_1_75' title='bbox 816 1617 1032 1667; x_wconf 81' lang='lat' dir='ltr'><strong>Gruter.</strong></span> <span class='ocrx_word' id='word_1_76' title='bbox 1067 1619 1280 1670; x_wconf 76' lang='lat' dir='ltr'><strong>subvehit</strong></span> <span class='ocrx_word' id='word_1_77' title='bbox 1308 1621 1557 1686; x_wconf 83' lang='lat' dir='ltr'><strong>Sylburg.</strong></span> <span class='ocrx_word' id='word_1_78' title='bbox 1624 1625 1640 1653; x_wconf 90' lang='lat'>‘</span> <span class='ocrx_word' id='word_1_79' title='bbox 1663 1623 1762 1679; x_wconf 76' lang='lat' dir='ltr'><strong>Qui</strong></span> <span class='ocrx_word' id='word_1_80' title='bbox 1785 1639 2069 1688; x_wconf 79' lang='lat' dir='ltr'><strong>quanquam.</strong></span> <span class='ocrx_word' id='word_1_81' title='bbox 2102 1623 2360 1687; x_wconf 86' lang='lat' dir='ltr'><strong>Equidem</strong></span> <span class='ocrx_word' id='word_1_82' title='bbox 2381 1623 2557 1674; x_wconf 84' lang='lat' dir='ltr'><strong>malim</strong></span> <span class='ocrx_word' id='word_1_83' title='bbox 2583 1624 2700 1675; x_wconf 81' lang='lat' dir='ltr'><strong>cum</strong></span> 
     </span>
     <span class='ocr_line' id='line_1_13' title="bbox 481 1679 2701 1753; baseline 0.005 -26"><span class='ocrx_word' id='word_1_84' title='bbox 481 1679 701 1728; x_wconf 73' lang='lat' dir='ltr'><strong>schotto</strong></span> <span class='ocrx_word' id='word_1_85' title='bbox 724 1690 777 1728; x_wconf 88' lang='lat' dir='ltr'><strong>et</strong></span> <span class='ocrx_word' id='word_1_86' title='bbox 801 1683 1078 1746; x_wconf 78' lang='lat' dir='ltr'><strong>Sylburgio</strong></span> <span class='ocrx_word' id='word_1_87' title='bbox 1101 1686 1280 1747; x_wconf 86' lang='lat' dir='ltr'><strong>legere</strong></span> <span class='ocrx_word' id='word_1_88' title='bbox 1314 1702 1467 1750; x_wconf 83' lang='lat' dir='ltr'><strong>quem,</strong></span> <span class='ocrx_word' id='word_1_89' title='bbox 1487 1703 1784 1753; x_wconf 79' lang='lat' dir='ltr'><strong>quamquam,</strong></span> <span class='ocrx_word' id='word_1_90' title='bbox 1805 1691 1887 1750; x_wconf 68' lang='grc' dir='ltr'><strong>ᾅτ.</strong></span> <span class='ocrx_word' id='word_1_91' title='bbox 1938 1689 2192 1739; x_wconf 78' lang='lat' dir='ltr'><strong>Arntzen.</strong></span> <span class='ocrx_word' id='word_1_92' title='bbox 2217 1705 2341 1738; x_wconf 88' lang='lat' dir='ltr'><strong>vero</strong></span> <span class='ocrx_word' id='word_1_93' title='bbox 2365 1687 2701 1740; x_wconf 62' lang='grc' dir='ltr'><strong>ἀνακόλουθον</strong></span> 
     </span>
     <span class='ocr_line' id='line_1_14' title="bbox 481 1747 2698 1819; baseline 0.006 -27"><span class='ocrx_word' id='word_1_94' title='bbox 481 1759 597 1792; x_wconf 84' lang='lat' dir='ltr'><strong>esse</strong></span> <span class='ocrx_word' id='word_1_95' title='bbox 624 1747 811 1806; x_wconf 64' lang='lat' dir='ltr'><strong>putat!</strong></span> <span class='ocrx_word' id='word_1_96' title='bbox 834 1748 982 1796; x_wconf 82' lang='lat' dir='ltr'><strong>Harl.</strong></span> <span class='ocrx_word' id='word_1_97' title='bbox 1049 1751 1285 1815; x_wconf 81' lang='lat' dir='ltr'><strong>Denique</strong></span> <span class='ocrx_word' id='word_1_98' title='bbox 1319 1759 1334 1778; x_wconf 74' lang='lat'>⁸</span> <span class='ocrx_word' id='word_1_99' title='bbox 1354 1751 1551 1802; x_wconf 89' lang='lat' dir='ltr'><strong>Omnes</strong></span> <span class='ocrx_word' id='word_1_100' title='bbox 1593 1756 1911 1816; x_wconf 75' lang='lat' dir='ltr'><strong>interpretes</strong></span> <span class='ocrx_word' id='word_1_101' title='bbox 1951 1770 2061 1803; x_wconf 82' lang='lat' dir='ltr'><strong>voc.</strong></span> <span class='ocrx_word' id='word_1_102' title='bbox 2080 1754 2271 1814; x_wconf 75' lang='lat' dir='ltr'><strong>justum</strong></span> <span class='ocrx_word' id='word_1_103' title='bbox 2297 1757 2380 1803; x_wconf 85' lang='lat' dir='ltr'><strong>vel</strong></span> <span class='ocrx_word' id='word_1_104' title='bbox 2401 1756 2580 1819; x_wconf 86' lang='lat' dir='ltr'><strong>inique</strong></span> <span class='ocrx_word' id='word_1_105' title='bbox 2606 1772 2698 1805; x_wconf 83' lang='lat' dir='ltr'><strong>ex-</strong></span> 
     </span>
     <span class='ocr_line' id='line_1_15' title="bbox 482 1809 2698 1884; baseline 0.007 -29"><span class='ocrx_word' id='word_1_106' title='bbox 482 1809 698 1870; x_wconf 82' lang='lat' dir='ltr'><strong>plicant,</strong></span> <span class='ocrx_word' id='word_1_107' title='bbox 724 1812 805 1859; x_wconf 80' lang='lat' dir='ltr'><strong>vel</strong></span> <span class='ocrx_word' id='word_1_108' title='bbox 842 1814 974 1861; x_wconf 87' lang='lat' dir='ltr'><strong>male</strong></span> <span class='ocrx_word' id='word_1_109' title='bbox 1011 1817 1194 1864; x_wconf 88' lang='lat' dir='ltr'><strong>volunt</strong></span> <span class='ocrx_word' id='word_1_110' title='bbox 1226 1818 1595 1867; x_wconf 82' lang='lat' dir='ltr'><strong>exterminare.</strong></span> <span class='ocrx_word' id='word_1_111' title='bbox 1661 1819 1915 1882; x_wconf 83' lang='lat' dir='ltr'><strong>Equidem</strong></span> <span class='ocrx_word' id='word_1_112' title='bbox 1941 1820 2174 1879; x_wconf 79' lang='lat' dir='ltr'><strong>intelligo</strong></span> <span class='ocrx_word' id='word_1_113' title='bbox 2210 1819 2264 1868; x_wconf 87' lang='lat' dir='ltr'><strong>h.</strong></span> <span class='ocrx_word' id='word_1_114' title='bbox 2292 1822 2324 1867; x_wconf 91' lang='grc' dir='ltr'><strong>Ι.</strong></span> <span class='ocrx_word' id='word_1_115' title='bbox 2344 1819 2554 1880; x_wconf 75' lang='lat' dir='ltr'><strong>justum,</strong></span> <span class='ocrx_word' id='word_1_116' title='bbox 2579 1822 2698 1884; x_wconf 85' lang='lat' dir='ltr'><strong>quia</strong></span> 
     </span>
     <span class='ocr_line' id='line_1_16' title="bbox 478 1874 2698 1949; baseline 0.006 -28"><span class='ocrx_word' id='word_1_117' title='bbox 478 1874 704 1922; x_wconf 77' lang='lat' dir='ltr'><strong>Severus</strong></span> <span class='ocrx_word' id='word_1_118' title='bbox 740 1875 840 1925; x_wconf 82' lang='lat' dir='ltr'><strong>fuit</strong></span> <span class='ocrx_word' id='word_1_119' title='bbox 853 1878 1043 1940; x_wconf 88' lang='lat' dir='ltr'><strong>justus,</strong></span> <span class='ocrx_word' id='word_1_120' title='bbox 1072 1879 1163 1942; x_wconf 82' lang='lat' dir='ltr'><strong>jus</strong></span> <span class='ocrx_word' id='word_1_121' title='bbox 1187 1896 1366 1929; x_wconf 77' lang='lat' dir='ltr'><strong>severe</strong></span> <span class='ocrx_word' id='word_1_122' title='bbox 1390 1885 1650 1932; x_wconf 81' lang='lat' dir='ltr'><strong>exercuit.</strong></span> <span class='ocrx_word' id='word_1_123' title='bbox 1720 1885 1897 1949; x_wconf 86' lang='lat' dir='ltr'><strong>Atque</strong></span> <span class='ocrx_word' id='word_1_124' title='bbox 1930 1885 2215 1933; x_wconf 73' lang='lat' dir='ltr'><strong>Salmasius</strong></span> <span class='ocrx_word' id='word_1_125' title='bbox 2240 1885 2330 1947; x_wconf 83' lang='lat' dir='ltr'><strong>[ad</strong></span> <span class='ocrx_word' id='word_1_126' title='bbox 2355 1886 2618 1947; x_wconf 76' lang='lat' dir='ltr'><strong>Spartian.</strong></span> <span class='ocrx_word' id='word_1_127' title='bbox 2643 1889 2698 1934; x_wconf 84' lang='lat' dir='ltr'><strong>in</strong></span> 
     </span>
     <span class='ocr_line' id='line_1_17' title="bbox 480 1939 2695 2007; baseline 0.007 -24"><span class='ocrx_word' id='word_1_128' title='bbox 480 1939 588 1986; x_wconf 88' lang='lat' dir='ltr'><strong>vita</strong></span> <span class='ocrx_word' id='word_1_129' title='bbox 612 1940 731 1986; x_wconf 84' lang='lat' dir='ltr'><strong>Sev.</strong></span> <span class='ocrx_word' id='word_1_130' title='bbox 753 1956 865 2004; x_wconf 89' lang='lat' dir='ltr'><strong>cap.</strong></span> <span class='ocrx_word' id='word_1_131' title='bbox 890 1942 996 2005; x_wconf 84' lang='lat'><strong>18.]</strong></span> <span class='ocrx_word' id='word_1_132' title='bbox 1033 1945 1106 1992; x_wconf 88' lang='lat' dir='ltr'><strong>sic</strong></span> <span class='ocrx_word' id='word_1_133' title='bbox 1148 1947 1459 1996; x_wconf 75' lang='lat' dir='ltr'><strong>emendabat</strong></span> <span class='ocrx_word' id='word_1_134' title='bbox 1496 1949 1797 1997; x_wconf 73' lang='lat' dir='ltr'><strong>Victoremz</strong></span> <span class='ocrx_word' id='word_1_135' title='bbox 1831 1955 2117 2007; x_wconf 73' lang='lat' dir='ltr'><strong>astruentes,</strong></span> <span class='ocrx_word' id='word_1_136' title='bbox 2157 1950 2294 1997; x_wconf 75' lang='lat' dir='ltr'><strong>illum</strong></span> <span class='ocrx_word' id='word_1_137' title='bbox 2325 1953 2412 1997; x_wconf 80' lang='lat' dir='ltr'><strong>aut</strong></span> <span class='ocrx_word' id='word_1_138' title='bbox 2449 1951 2584 1998; x_wconf 81' lang='lat' dir='ltr'><strong>nasci</strong></span> <span class='ocrx_word' id='word_1_139' title='bbox 2610 1956 2695 1999; x_wconf 77' lang='lat' dir='ltr'><strong>aut</strong></span> 
     </span>
     <span class='ocr_line' id='line_1_18' title="bbox 477 2003 2692 2076; baseline 0.005 -26"><span class='ocrx_word' id='word_1_140' title='bbox 477 2003 626 2051; x_wconf 76' lang='lat' dir='ltr'><strong>emori</strong></span> <span class='ocrx_word' id='word_1_141' title='bbox 647 2005 839 2055; x_wconf 80' lang='lat' dir='ltr'><strong>minime</strong></span> <span class='ocrx_word' id='word_1_142' title='bbox 860 2010 1146 2071; x_wconf 78' lang='lat' dir='ltr'><strong>convenisse,</strong></span> <span class='ocrx_word' id='word_1_143' title='bbox 1170 2011 1470 2071; x_wconf 82' lang='lat' dir='ltr'><strong>arbitratus,</strong></span> <span class='ocrx_word' id='word_1_144' title='bbox 1493 2028 1611 2060; x_wconf 77' lang='lat' dir='ltr'><strong>voc.</strong></span> <span class='ocrx_word' id='word_1_145' title='bbox 1630 2013 1822 2072; x_wconf 72' lang='lat' dir='ltr'><strong>justam</strong></span> <span class='ocrx_word' id='word_1_146' title='bbox 1844 2015 2124 2076; x_wconf 87' lang='lat' dir='ltr'><strong>repetitum</strong></span> <span class='ocrx_word' id='word_1_147' title='bbox 2149 2028 2264 2062; x_wconf 85' lang='lat' dir='ltr'><strong>esse</strong></span> <span class='ocrx_word' id='word_1_148' title='bbox 2302 2028 2369 2061; x_wconf 81' lang='lat' dir='ltr'><strong>ex</strong></span> <span class='ocrx_word' id='word_1_149' title='bbox 2389 2027 2520 2062; x_wconf 83' lang='lat' dir='ltr'><strong>voce</strong></span> <span class='ocrx_word' id='word_1_150' title='bbox 2541 2014 2692 2075; x_wconf 77' lang='lat' dir='ltr'><strong>justi-</strong></span> 
     </span>
     <span class='ocr_line' id='line_1_19' title="bbox 477 2067 2704 2141; baseline 0.005 -24"><span class='ocrx_word' id='word_1_151' title='bbox 477 2067 566 2123; x_wconf 79' lang='lat' dir='ltr'><strong>tio,</strong></span> <span class='ocrx_word' id='word_1_152' title='bbox 590 2083 705 2132; x_wconf 80' lang='lat' dir='ltr'><strong>quae</strong></span> <span class='ocrx_word' id='word_1_153' title='bbox 731 2073 1014 2133; x_wconf 81' lang='lat' dir='ltr'><strong>praecessit.</strong></span> <span class='ocrx_word' id='word_1_154' title='bbox 1079 2075 1331 2139; x_wconf 83' lang='lat' dir='ltr'><strong>Equidem</strong></span> <span class='ocrx_word' id='word_1_155' title='bbox 1357 2079 1557 2139; x_wconf 89' lang='lat' dir='ltr'><strong>accipio</strong></span> <span class='ocrx_word' id='word_1_156' title='bbox 1590 2079 1853 2141; x_wconf 90' lang='lat' dir='ltr'><strong>credoque</strong></span> <span class='ocrx_word' id='word_1_157' title='bbox 1878 2093 2051 2126; x_wconf 82' lang='lat' dir='ltr'><strong>veram</strong></span> <span class='ocrx_word' id='word_1_158' title='bbox 2077 2093 2190 2127; x_wconf 86' lang='lat' dir='ltr'><strong>esse</strong></span> <span class='ocrx_word' id='word_1_159' title='bbox 2223 2079 2353 2126; x_wconf 80' lang='lat' dir='ltr'><strong>lianc</strong></span> <span class='ocrx_word' id='word_1_160' title='bbox 2378 2081 2704 2128; x_wconf 72' lang='lat' dir='ltr'><strong>emendatio-⁶</strong></span> 
     </span>
     <span class='ocr_line' id='line_1_20' title="bbox 475 2134 2695 2205; baseline 0.006 -27"><span class='ocrx_word' id='word_1_161' title='bbox 475 2147 593 2180; x_wconf 84' lang='lat' dir='ltr'><strong>nem</strong></span> <span class='ocrx_word' id='word_1_162' title='bbox 617 2149 632 2192; x_wconf 77' lang='grc' dir='ltr'><strong>ς</strong></span> <span class='ocrx_word' id='word_1_163' title='bbox 667 2134 740 2181; x_wconf 85' lang='lat' dir='ltr'><strong>ita</strong></span> <span class='ocrx_word' id='word_1_164' title='bbox 766 2142 960 2197; x_wconf 86' lang='lat' dir='ltr'><strong>tamen,</strong></span> <span class='ocrx_word' id='word_1_165' title='bbox 985 2145 1043 2186; x_wconf 89' lang='lat' dir='ltr'><strong>ut</strong></span> <span class='ocrx_word' id='word_1_166' title='bbox 1061 2138 1250 2198; x_wconf 65' lang='lat' dir='ltr'><strong>justum</strong></span> <span class='ocrx_word' id='word_1_167' title='bbox 1271 2141 1436 2205; x_wconf 89' lang='lat' dir='ltr'><strong>(quod</strong></span> <span class='ocrx_word' id='word_1_168' title='bbox 1481 2157 1688 2190; x_wconf 85' lang='lat' dir='ltr'><strong>causam</strong></span> <span class='ocrx_word' id='word_1_169' title='bbox 1716 2141 1907 2205; x_wconf 81' lang='lat' dir='ltr'><strong>judicii</strong></span> <span class='ocrx_word' id='word_1_170' title='bbox 1930 2145 2216 2192; x_wconf 82' lang='lat' dir='ltr'><strong>communis</strong></span> <span class='ocrx_word' id='word_1_171' title='bbox 2239 2142 2521 2204; x_wconf 85' lang='lat' dir='ltr'><strong>significat,</strong></span> <span class='ocrx_word' id='word_1_172' title='bbox 2554 2154 2608 2190; x_wconf 87' lang='lat' dir='ltr'><strong>et</strong></span> <span class='ocrx_word' id='word_1_173' title='bbox 2643 2145 2695 2192; x_wconf 90' lang='lat' dir='ltr'><strong>in</strong></span> 
     </span>
     <span class='ocr_line' id='line_1_21' title="bbox 432 2200 2694 2271; baseline 0.006 -27"><span class='ocrx_word' id='word_1_174' title='bbox 432 2234 435 2237; x_wconf 45' lang='lat'><strong>&gt;</strong></span> <span class='ocrx_word' id='word_1_175' title='bbox 475 2200 812 2260; x_wconf 84' lang='lat' dir='ltr'><strong>sequentibus</strong></span> <span class='ocrx_word' id='word_1_176' title='bbox 837 2216 869 2250; x_wconf 86' lang='lat' dir='ltr'><strong>a</strong></span> <span class='ocrx_word' id='word_1_177' title='bbox 891 2203 1105 2252; x_wconf 86' lang='lat' dir='ltr'><strong>Victore</strong></span> <span class='ocrx_word' id='word_1_178' title='bbox 1143 2207 1257 2267; x_wconf 83' lang='lat' dir='ltr'><strong>ipso</strong></span> <span class='ocrx_word' id='word_1_179' title='bbox 1296 2206 1616 2271; x_wconf 77' lang='lat' dir='ltr'><strong>explicatur)</strong></span> <span class='ocrx_word' id='word_1_180' title='bbox 1652 2208 1720 2255; x_wconf 89' lang='lat' dir='ltr'><strong>sit</strong></span> <span class='ocrx_word' id='word_1_181' title='bbox 1758 2209 2104 2258; x_wconf 82' lang='lat' dir='ltr'><strong>retinendum.</strong></span> <span class='ocrx_word' id='word_1_182' title='bbox 2174 2207 2372 2256; x_wconf 83' lang='lat' dir='ltr'><strong>Klotzii</strong></span> <span class='ocrx_word' id='word_1_183' title='bbox 2398 2209 2694 2258; x_wconf 79' lang='lat' dir='ltr'><strong>emendatio</strong></span> 
     </span>
     <span class='ocr_line' id='line_1_22' title="bbox 475 2265 2688 2336; baseline 0.006 -26"><span class='ocrx_word' id='word_1_184' title='bbox 475 2273 635 2325; x_wconf 88' lang='lat' dir='ltr'><strong>atque</strong></span> <span class='ocrx_word' id='word_1_185' title='bbox 654 2265 1037 2330; x_wconf 76' lang='lat' dir='ltr'><strong>interpretatio,</strong></span> <span class='ocrx_word' id='word_1_186' title='bbox 1058 2269 1139 2327; x_wconf 90' lang='lat' dir='ltr'><strong>(in</strong></span> <span class='ocrx_word' id='word_1_187' title='bbox 1162 2271 1387 2319; x_wconf 83' lang='lat' dir='ltr'><strong>Miscell.</strong></span> <span class='ocrx_word' id='word_1_188' title='bbox 1409 2272 1542 2321; x_wconf 91' lang='lat' dir='ltr'><strong>Crit.</strong></span> <span class='ocrx_word' id='word_1_189' title='bbox 1567 2287 1619 2335; x_wconf 85' lang='lat' dir='ltr'><strong>p.</strong></span> <span class='ocrx_word' id='word_1_190' title='bbox 1644 2270 1757 2336; x_wconf 74' lang='lat'><strong>38.)</strong></span> <span class='ocrx_word' id='word_1_191' title='bbox 1775 2273 1908 2322; x_wconf 71' lang='lat' dir='ltr'><strong>illam</strong></span> <span class='ocrx_word' id='word_1_192' title='bbox 1923 2273 2115 2334; x_wconf 73' lang='lat' dir='ltr'><strong>justum</strong></span> <span class='ocrx_word' id='word_1_193' title='bbox 2134 2273 2289 2334; x_wconf 71' lang='lat' dir='ltr'><strong>nasci,</strong></span> <span class='ocrx_word' id='word_1_194' title='bbox 2311 2278 2370 2320; x_wconf 77' lang='lat' dir='ltr'><strong>at</strong></span> <span class='ocrx_word' id='word_1_195' title='bbox 2385 2273 2535 2321; x_wconf 71' lang='lat' dir='ltr'><strong>emori</strong></span> <span class='ocrx_word' id='word_1_196' title='bbox 2571 2273 2688 2323; x_wconf 73' lang='lat' dir='ltr'><strong>min.</strong></span> 
     </span>
     <span class='ocr_line' id='line_1_23' title="bbox 471 2328 2693 2395; baseline 0.006 -22"><span class='ocrx_word' id='word_1_197' title='bbox 471 2342 609 2375; x_wconf 80' lang='lat' dir='ltr'><strong>conv.</strong></span> <span class='ocrx_word' id='word_1_198' title='bbox 633 2328 667 2379; x_wconf 86' lang='lat' dir='ltr'><strong>i.</strong></span> <span class='ocrx_word' id='word_1_199' title='bbox 696 2345 744 2379; x_wconf 87' lang='lat' dir='ltr'><strong>e.</strong></span> <span class='ocrx_word' id='word_1_200' title='bbox 771 2331 965 2394; x_wconf 85' lang='lat' dir='ltr'><strong>justum</strong></span> <span class='ocrx_word' id='word_1_201' title='bbox 991 2333 1219 2395; x_wconf 88' lang='lat' dir='ltr'><strong>quidem,</strong></span> <span class='ocrx_word' id='word_1_202' title='bbox 1244 2336 1453 2391; x_wconf 85' lang='lat' dir='ltr'><strong>bonurn,</strong></span> <span class='ocrx_word' id='word_1_203' title='bbox 1486 2335 1568 2385; x_wconf 79' lang='lat' dir='ltr'><strong>fas</strong></span> <span class='ocrx_word' id='word_1_204' title='bbox 1604 2344 1704 2395; x_wconf 87' lang='lat' dir='ltr'><strong>est,</strong></span> <span class='ocrx_word' id='word_1_205' title='bbox 1738 2338 1879 2386; x_wconf 86' lang='lat' dir='ltr'><strong>illurn</strong></span> <span class='ocrx_word' id='word_1_206' title='bbox 1905 2347 2083 2387; x_wconf 86' lang='lat' dir='ltr'><strong>natum</strong></span> <span class='ocrx_word' id='word_1_207' title='bbox 2121 2336 2301 2391; x_wconf 86' lang='lat' dir='ltr'><strong>fuisse,</strong></span> <span class='ocrx_word' id='word_1_208' title='bbox 2325 2338 2535 2385; x_wconf 88' lang='lat' dir='ltr'><strong>minime</strong></span> <span class='ocrx_word' id='word_1_209' title='bbox 2566 2353 2693 2387; x_wconf 80' lang='lat' dir='ltr'><strong>vero</strong></span> 
     </span>
     <span class='ocr_line' id='line_1_24' title="bbox 473 2392 2690 2464; baseline 0.005 -26"><span class='ocrx_word' id='word_1_210' title='bbox 473 2392 697 2441; x_wconf 88' lang='lat' dir='ltr'><strong>eundem</strong></span> <span class='ocrx_word' id='word_1_211' title='bbox 733 2395 975 2446; x_wconf 78' lang='lat' dir='ltr'><strong>debuisse</strong></span> <span class='ocrx_word' id='word_1_212' title='bbox 1017 2401 1162 2455; x_wconf 89' lang='lat' dir='ltr'><strong>mori,</strong></span> <span class='ocrx_word' id='word_1_213' title='bbox 1190 2409 1483 2464; x_wconf 82' lang='lat' dir='ltr'><strong>repugnant</strong></span> <span class='ocrx_word' id='word_1_214' title='bbox 1521 2403 1696 2451; x_wconf 86' lang='lat' dir='ltr'><strong>sensui</strong></span> <span class='ocrx_word' id='word_1_215' title='bbox 1726 2404 1973 2451; x_wconf 82' lang='lat' dir='ltr'><strong>orationis</strong></span> <span class='ocrx_word' id='word_1_216' title='bbox 1998 2413 2053 2452; x_wconf 87' lang='lat' dir='ltr'><strong>et</strong></span> <span class='ocrx_word' id='word_1_217' title='bbox 2089 2404 2369 2450; x_wconf 75' lang='lat' dir='ltr'><strong>narrationi</strong></span> <span class='ocrx_word' id='word_1_218' title='bbox 2395 2403 2690 2464; x_wconf 49' lang='lat' dir='ltr'><strong>Spartiani‘3</strong></span> 
     </span>
     <span class='ocr_line' id='line_1_25' title="bbox 470 2456 2693 2530; baseline 0.006 -27"><span class='ocrx_word' id='word_1_219' title='bbox 470 2456 649 2521; x_wconf 87' lang='lat' dir='ltr'><strong>(quem</strong></span> <span class='ocrx_word' id='word_1_220' title='bbox 675 2461 837 2510; x_wconf 88' lang='lat' dir='ltr'><strong>etiam·</strong></span> <span class='ocrx_word' id='word_1_221' title='bbox 859 2462 979 2513; x_wconf 81' lang='lat' dir='ltr'><strong>vide</strong></span> <span class='ocrx_word' id='word_1_222' title='bbox 1001 2478 1119 2526; x_wconf 86' lang='lat' dir='ltr'><strong>cap.</strong></span> <span class='ocrx_word' id='word_1_223' title='bbox 1145 2466 1253 2527; x_wconf 84' lang='lat'><strong>19.)</strong></span> <span class='ocrx_word' id='word_1_224' title='bbox 1277 2474 1332 2515; x_wconf 90' lang='lat' dir='ltr'><strong>et</strong></span> <span class='ocrx_word' id='word_1_225' title='bbox 1357 2466 1632 2517; x_wconf 84' lang='lat' dir='ltr'><strong>Arntzenii</strong></span> <span class='ocrx_word' id='word_1_226' title='bbox 1655 2469 2056 2530; x_wconf 77' lang='lat' dir='ltr'><strong>expositionem,</strong></span> <span class='ocrx_word' id='word_1_227' title='bbox 2085 2468 2288 2530; x_wconf 85' lang='lat' dir='ltr'><strong>justum</strong></span> <span class='ocrx_word' id='word_1_228' title='bbox 2324 2482 2460 2523; x_wconf 82' lang='lat' dir='ltr'><strong>esse,</strong></span> <span class='ocrx_word' id='word_1_229' title='bbox 2484 2468 2693 2517; x_wconf 84' lang='lat' dir='ltr'><strong>minime</strong></span> 
     </span>
     <span class='ocr_line' id='line_1_26' title="bbox 470 2526 2690 2594; baseline 0.005 -24"><span class='ocrx_word' id='word_1_230' title='bbox 470 2526 792 2581; x_wconf 83' lang='lat' dir='ltr'><strong>convenisse,</strong></span> <span class='ocrx_word' id='word_1_231' title='bbox 816 2527 957 2576; x_wconf 89' lang='lat' dir='ltr'><strong>illum</strong></span> <span class='ocrx_word' id='word_1_232' title='bbox 982 2532 1122 2577; x_wconf 87' lang='lat' dir='ltr'><strong>nasci</strong></span> <span class='ocrx_word' id='word_1_233' title='bbox 1147 2537 1237 2579; x_wconf 88' lang='lat' dir='ltr'><strong>aut</strong></span> <span class='ocrx_word' id='word_1_234' title='bbox 1257 2534 1441 2591; x_wconf 88' lang='lat' dir='ltr'><strong>emori,</strong></span> <span class='ocrx_word' id='word_1_235' title='bbox 1465 2534 1551 2581; x_wconf 81' lang='lat' dir='ltr'><strong>vix</strong></span> <span class='ocrx_word' id='word_1_236' title='bbox 1582 2533 1838 2594; x_wconf 76' lang='lat' dir='ltr'><strong>intelligo.</strong></span> <span class='ocrx_word' id='word_1_237' title='bbox 1907 2536 2130 2583; x_wconf 84' lang='lat' dir='ltr'><strong>Senatus</strong></span> <span class='ocrx_word' id='word_1_238' title='bbox 2172 2540 2347 2582; x_wconf 84' lang='lat' dir='ltr'><strong>autem</strong></span> <span class='ocrx_word' id='word_1_239' title='bbox 2388 2532 2456 2581; x_wconf 88' lang='lat' dir='ltr'><strong>de</strong></span> <span class='ocrx_word' id='word_1_240' title='bbox 2494 2534 2690 2581; x_wconf 85' lang='lat' dir='ltr'><strong>Severo</strong></span> 
     </span>
     <span class='ocr_line' id='line_1_27' title="bbox 460 2587 2688 2656; baseline 0.005 -22"><span class='ocrx_word' id='word_1_241' title='bbox 460 2587 738 2650; x_wconf 85' lang='lat' dir='ltr'><strong>judicavit,</strong></span> <span class='ocrx_word' id='word_1_242' title='bbox 760 2592 898 2655; x_wconf 89' lang='lat' dir='ltr'><strong>quod</strong></span> <span class='ocrx_word' id='word_1_243' title='bbox 922 2594 1109 2642; x_wconf 87' lang='lat' dir='ltr'><strong>Victor</strong></span> <span class='ocrx_word' id='word_1_244' title='bbox 1130 2595 1197 2643; x_wconf 91' lang='lat' dir='ltr'><strong>de</strong></span> <span class='ocrx_word' id='word_1_245' title='bbox 1222 2593 1462 2656; x_wconf 76' lang='lat' dir='ltr'><strong>Augusto</strong></span> <span class='ocrx_word' id='word_1_246' title='bbox 1485 2598 1679 2646; x_wconf 87' lang='lat' dir='ltr'><strong>dictum</strong></span> <span class='ocrx_word' id='word_1_247' title='bbox 1698 2598 1906 2647; x_wconf 85' lang='lat' dir='ltr'><strong>scribit:</strong></span> <span class='ocrx_word' id='word_1_248' title='bbox 1942 2607 1955 2626; x_wconf 83' lang='lat'>⁸</span> <span class='ocrx_word' id='word_1_249' title='bbox 1978 2600 2191 2647; x_wconf 84' lang='lat' dir='ltr'><strong>Utinam</strong></span> <span class='ocrx_word' id='word_1_250' title='bbox 2211 2605 2301 2644; x_wconf 86' lang='lat' dir='ltr'><strong>aut</strong></span> <span class='ocrx_word' id='word_1_251' title='bbox 2322 2612 2423 2646; x_wconf 90' lang='lat' dir='ltr'><strong>non</strong></span> <span class='ocrx_word' id='word_1_252' title='bbox 2451 2611 2688 2647; x_wconf 76' lang='lat' dir='ltr'><strong>nascere-</strong></span> 
     </span>
     <span class='ocr_line' id='line_1_28' title="bbox 471 2659 2691 2727; baseline 0.006 -27"><span class='ocrx_word' id='word_1_253' title='bbox 471 2660 578 2709; x_wconf 87' lang='lat' dir='ltr'><strong>tur,</strong></span> <span class='ocrx_word' id='word_1_254' title='bbox 595 2664 685 2703; x_wconf 88' lang='lat' dir='ltr'><strong>aut</strong></span> <span class='ocrx_word' id='word_1_255' title='bbox 709 2670 813 2705; x_wconf 90' lang='lat' dir='ltr'><strong>non</strong></span> <span class='ocrx_word' id='word_1_256' title='bbox 831 2667 1125 2708; x_wconf 81' lang='lat' dir='ltr'><strong>moreretur</strong></span> <span class='ocrx_word' id='word_1_257' title='bbox 1146 2676 1166 2709; x_wconf 69' lang='grc' dir='ltr'><strong>ε</strong></span> <span class='ocrx_word' id='word_1_258' title='bbox 1182 2659 1197 2680; x_wconf 84' lang='grc'><strong><em>’</em></strong></span> <span class='ocrx_word' id='word_1_259' title='bbox 1230 2661 1368 2711; x_wconf 82' lang='lat' dir='ltr'><strong>unde</strong></span> <span class='ocrx_word' id='word_1_260' title='bbox 1409 2671 1591 2712; x_wconf 81' lang='lat' dir='ltr'><strong>nester</strong></span> <span class='ocrx_word' id='word_1_261' title='bbox 1614 2664 1760 2713; x_wconf 75' lang='lat' dir='ltr'><strong>locus</strong></span> <span class='ocrx_word' id='word_1_262' title='bbox 1791 2663 1985 2727; x_wconf 83' lang='lat' dir='ltr'><strong>accipit.</strong></span> <span class='ocrx_word' id='word_1_263' title='bbox 2007 2664 2176 2712; x_wconf 82' lang='lat' dir='ltr'><strong>lucem</strong></span> <span class='ocrx_word' id='word_1_264' title='bbox 2218 2673 2377 2726; x_wconf 84' lang='lat' dir='ltr'><strong>atque</strong></span> <span class='ocrx_word' id='word_1_265' title='bbox 2400 2662 2691 2713; x_wconf 76' lang='lat' dir='ltr'><strong>medelam-³</strong></span> 
     </span>
    </p>
   </div>
   <div class='ocr_carea' id='block_1_5' title="bbox 1467 2807 1685 2857">
    <p class='ocr_par' dir='ltr' id='par_1_5' title="bbox 1467 2807 1685 2857">
     <span class='ocr_line' id='line_1_29' title="bbox 1467 2807 1685 2857; baseline 0 0"><span class='ocrx_word' id='word_1_266' title='bbox 1467 2807 1685 2857; x_wconf 79' lang='lat' dir='ltr'>NOTAE</span> 
     </span>
    </p>
   </div>
   <div class='ocr_carea' id='block_1_6' title="bbox 461 2892 1537 3729">
    <p class='ocr_par' dir='ltr' id='par_1_6' title="bbox 461 2892 1536 3033">
     <span class='ocr_line' id='line_1_30' title="bbox 461 2892 1536 2962; baseline 0.012 -21"><span class='ocrx_word' id='word_1_267' title='bbox 461 2893 574 2951; x_wconf 74' lang='lat' dir='ltr'><strong>am,</strong></span> <span class='ocrx_word' id='word_1_268' title='bbox 594 2897 816 2960; x_wconf 80' lang='lat' dir='ltr'><strong>opprimi</strong></span> <span class='ocrx_word' id='word_1_269' title='bbox 841 2912 944 2947; x_wconf 87' lang='lat' dir='ltr'><strong>non</strong></span> <span class='ocrx_word' id='word_1_270' title='bbox 980 2892 1259 2962; x_wconf 53' lang='lat' dir='ltr'><strong>potuisse}</strong></span> <span class='ocrx_word' id='word_1_271' title='bbox 1279 2904 1421 2953; x_wconf 78' lang='lat' dir='ltr'><strong>velut</strong></span> <span class='ocrx_word' id='word_1_272' title='bbox 1443 2905 1536 2953; x_wconf 87' lang='lat' dir='ltr'><strong>Se·</strong></span> 
     </span>
     <span class='ocr_line' id='line_1_31' title="bbox 469 2972 1003 3033; baseline 0.011 -16"><span class='ocrx_word' id='word_1_273' title='bbox 469 2983 647 3019; x_wconf 84' lang='lat' dir='ltr'><strong>verum</strong></span> <span class='ocrx_word' id='word_1_274' title='bbox 677 2972 883 3033; x_wconf 85' lang='lat' dir='ltr'><strong>ipsum,&#39;</strong></span> <span class='ocrx_word' id='word_1_275' title='bbox 903 2978 1003 3024; x_wconf 72' lang='lat' dir='ltr'><strong>&amp;c-</strong></span> 
     </span>
    </p>

    <p class='ocr_par' dir='ltr' id='par_1_7' title="bbox 469 3048 1534 3190">
     <span class='ocr_line' id='line_1_32' title="bbox 532 3048 1534 3120; baseline 0.016 -28"><span class='ocrx_word' id='word_1_276' title='bbox 532 3053 570 3079; x_wconf 61' lang='grc' dir='ltr'>Β</span> <span class='ocrx_word' id='word_1_277' title='bbox 601 3048 837 3111; x_wconf 73' lang='lat' dir='ltr'><strong>Justitio]</strong></span> <span class='ocrx_word' id='word_1_278' title='bbox 870 3050 1142 3102; x_wconf 81' lang='lat' dir='ltr'><strong>Justitium</strong></span> <span class='ocrx_word' id='word_1_279' title='bbox 1177 3062 1257 3104; x_wconf 81' lang='lat' dir='ltr'><strong>est</strong></span> <span class='ocrx_word' id='word_1_280' title='bbox 1269 3057 1404 3120; x_wconf 78' lang='lat' dir='ltr'><strong>juris</strong></span> <span class='ocrx_word' id='word_1_281' title='bbox 1427 3065 1534 3107; x_wconf 81' lang='lat' dir='ltr'><strong>sta-</strong></span> 
     </span>
     <span class='ocr_line' id='line_1_33' title="bbox 469 3122 1482 3190; baseline 0.015 -21"><span class='ocrx_word' id='word_1_282' title='bbox 469 3122 563 3178; x_wconf 85' lang='lat' dir='ltr'><strong>tio,</strong></span> <span class='ocrx_word' id='word_1_283' title='bbox 586 3138 702 3171; x_wconf 89' lang='lat' dir='ltr'><strong>cum</strong></span> <span class='ocrx_word' id='word_1_284' title='bbox 728 3125 794 3173; x_wconf 94' lang='lat' dir='ltr'><strong>ob</strong></span> <span class='ocrx_word' id='word_1_285' title='bbox 819 3126 1016 3177; x_wconf 89' lang='lat' dir='ltr'><strong>luctum</strong></span> <span class='ocrx_word' id='word_1_286' title='bbox 1029 3130 1119 3190; x_wconf 88' lang='lat' dir='ltr'><strong>jus</strong></span> <span class='ocrx_word' id='word_1_287' title='bbox 1144 3146 1244 3181; x_wconf 89' lang='lat' dir='ltr'><strong>non</strong></span> <span class='ocrx_word' id='word_1_288' title='bbox 1270 3133 1482 3184; x_wconf 83' lang='lat' dir='ltr'><strong>dicitur.</strong></span> 
     </span>
    </p>

    <p class='ocr_par' dir='ltr' id='par_1_8' title="bbox 461 3198 1537 3646">
     <span class='ocr_line' id='line_1_34' title="bbox 532 3198 1537 3264; baseline 0.017 -20"><span class='ocrx_word' id='word_1_289' title='bbox 532 3206 556 3231; x_wconf 78' lang='lat'><strong>¹¹</strong></span> <span class='ocrx_word' id='word_1_290' title='bbox 596 3198 880 3264; x_wconf 74' lang='lat' dir='ltr'><strong>Elegioque]</strong></span> <span class='ocrx_word' id='word_1_291' title='bbox 915 3204 977 3252; x_wconf 89' lang='lat' dir='ltr'><strong>Id</strong></span> <span class='ocrx_word' id='word_1_292' title='bbox 1003 3213 1102 3263; x_wconf 87' lang='lat' dir='ltr'><strong>est,</strong></span> <span class='ocrx_word' id='word_1_293' title='bbox 1134 3208 1537 3261; x_wconf 74' lang='lat' dir='ltr'><strong>‘laudationet’</strong></span> 
     </span>
     <span class='ocr_line' id='line_1_35' title="bbox 464 3276 1534 3349; baseline 0.015 -26"><span class='ocrx_word' id='word_1_294' title='bbox 464 3276 603 3339; x_wconf 84' lang='lat' dir='ltr'><strong>apud</strong></span> <span class='ocrx_word' id='word_1_295' title='bbox 630 3279 871 3343; x_wconf 88' lang='lat' dir='ltr'><strong>antiquos</strong></span> <span class='ocrx_word' id='word_1_296' title='bbox 897 3288 1088 3338; x_wconf 78' lang='lat' dir='ltr'><strong>tamen,</strong></span> <span class='ocrx_word' id='word_1_297' title='bbox 1126 3292 1183 3333; x_wconf 90' lang='lat' dir='ltr'><strong>et</strong></span> <span class='ocrx_word' id='word_1_298' title='bbox 1218 3287 1408 3349; x_wconf 89' lang='lat' dir='ltr'><strong>probos</strong></span> <span class='ocrx_word' id='word_1_299' title='bbox 1436 3291 1534 3338; x_wconf 80' lang='lat' dir='ltr'><strong>La·</strong></span> 
     </span>
     <span class='ocr_line' id='line_1_36' title="bbox 465 3353 1531 3428; baseline 0.015 -30"><span class='ocrx_word' id='word_1_300' title='bbox 465 3353 690 3401; x_wconf 84' lang='lat' dir='ltr'><strong>tinitatis</strong></span> <span class='ocrx_word' id='word_1_301' title='bbox 747 3367 1008 3415; x_wconf 84' lang='lat' dir='ltr'><strong>auctores,</strong></span> <span class='ocrx_word' id='word_1_302' title='bbox 1057 3375 1263 3425; x_wconf 85' lang='lat' dir='ltr'><strong>semper</strong></span> <span class='ocrx_word' id='word_1_303' title='bbox 1306 3364 1531 3428; x_wconf 85' lang='lat' dir='ltr'><strong>elogium</strong></span> 
     </span>
     <span class='ocr_line' id='line_1_37' title="bbox 464 3429 1530 3503; baseline 0.017 -31"><span class='ocrx_word' id='word_1_304' title='bbox 464 3442 562 3489; x_wconf 86' lang='lat' dir='ltr'><strong>pro</strong></span> <span class='ocrx_word' id='word_1_305' title='bbox 605 3429 622 3455; x_wconf 80' lang='lat'>⁸</span> <span class='ocrx_word' id='word_1_306' title='bbox 647 3429 867 3478; x_wconf 84' lang='lat' dir='ltr'><strong>rationis</strong></span> <span class='ocrx_word' id='word_1_307' title='bbox 909 3434 1203 3487; x_wconf 88' lang='lat' dir='ltr'><strong>redditione</strong></span> <span class='ocrx_word' id='word_1_308' title='bbox 1220 3438 1237 3460; x_wconf 88' lang='grc'><strong><em>’</em></strong></span> <span class='ocrx_word' id='word_1_309' title='bbox 1283 3442 1530 3503; x_wconf 77' lang='lat' dir='ltr'><strong>ponitur-3</strong></span> 
     </span>
     <span class='ocr_line' id='line_1_38' title="bbox 461 3504 1531 3579; baseline 0.019 -32"><span class='ocrx_word' id='word_1_310' title='bbox 461 3516 558 3550; x_wconf 86' lang='lat' dir='ltr'><strong>cur</strong></span> <span class='ocrx_word' id='word_1_311' title='bbox 602 3504 791 3566; x_wconf 87' lang='lat' dir='ltr'><strong>aliquis</strong></span> <span class='ocrx_word' id='word_1_312' title='bbox 838 3509 919 3556; x_wconf 87' lang='lat' dir='ltr'><strong>vel</strong></span> <span class='ocrx_word' id='word_1_313' title='bbox 964 3510 1136 3572; x_wconf 82' lang='lat' dir='ltr'><strong>laude,</strong></span> <span class='ocrx_word' id='word_1_314' title='bbox 1172 3517 1412 3579; x_wconf 88' lang='lat' dir='ltr'><strong>praemio,</strong></span> <span class='ocrx_word' id='word_1_315' title='bbox 1447 3519 1531 3566; x_wconf 85' lang='lat' dir='ltr'><strong>vel</strong></span> 
     </span>
     <span class='ocr_line' id='line_1_39' title="bbox 461 3577 1173 3646; baseline 0.017 -23"><span class='ocrx_word' id='word_1_316' title='bbox 461 3577 677 3640; x_wconf 84' lang='lat' dir='ltr'><strong>probro,</strong></span> <span class='ocrx_word' id='word_1_317' title='bbox 703 3594 852 3640; x_wconf 85' lang='lat' dir='ltr'><strong>poena</strong></span> <span class='ocrx_word' id='word_1_318' title='bbox 875 3582 1062 3646; x_wconf 85' lang='lat' dir='ltr'><strong>dignus</strong></span> <span class='ocrx_word' id='word_1_319' title='bbox 1086 3588 1173 3636; x_wconf 87' lang='lat' dir='ltr'><strong>sit.</strong></span> 
     </span>
    </p>

    <p class='ocr_par' dir='ltr' id='par_1_9' title="bbox 527 3654 1527 3729">
     <span class='ocr_line' id='line_1_40' title="bbox 527 3654 1527 3729; baseline 0.017 -29"><span class='ocrx_word' id='word_1_320' title='bbox 527 3662 552 3686; x_wconf 85' lang='lat'>⁰</span> <span class='ocrx_word' id='word_1_321' title='bbox 578 3654 864 3706; x_wconf 78' lang='lat' dir='ltr'><strong>Astruentes</strong></span> <span class='ocrx_word' id='word_1_322' title='bbox 877 3658 1214 3721; x_wconf 75' lang='lat' dir='ltr'><strong>illumjustum</strong></span> <span class='ocrx_word' id='word_1_323' title='bbox 1235 3665 1394 3729; x_wconf 69' lang='lat' dir='ltr'><strong>nasci]</strong></span> <span class='ocrx_word' id='word_1_324' title='bbox 1425 3668 1527 3716; x_wconf 90' lang='lat' dir='ltr'><strong>Le-</strong></span> 
     </span>
    </p>
   </div>
   <div class='ocr_carea' id='block_1_7' title="bbox 370 3725 1527 3803">
    <p class='ocr_par' dir='ltr' id='par_1_10' title="bbox 370 3725 1527 3803">
     <span class='ocr_line' id='line_1_41' title="bbox 370 3725 1527 3803; baseline 0.016 -27"><span class='ocrx_word' id='word_1_325' title='bbox 370 3725 371 3728; x_wconf 70' lang='grc'>’</span> <span class='ocrx_word' id='word_1_326' title='bbox 459 3744 547 3792; x_wconf 83' lang='lat' dir='ltr'><strong>ge,</strong></span> <span class='ocrx_word' id='word_1_327' title='bbox 569 3729 851 3782; x_wconf 62' lang='lat' dir='ltr'><strong>astruentes</strong></span> <span class='ocrx_word' id='word_1_328' title='bbox 866 3735 998 3784; x_wconf 66' lang='lat' dir='ltr'><strong>tuum</strong></span> <span class='ocrx_word' id='word_1_329' title='bbox 1016 3744 1103 3787; x_wconf 81' lang='lat' dir='ltr'><strong>aut</strong></span> <span class='ocrx_word' id='word_1_330' title='bbox 1123 3740 1274 3803; x_wconf 76' lang='lat' dir='ltr'><strong>nasci,</strong></span> <span class='ocrx_word' id='word_1_331' title='bbox 1297 3748 1378 3791; x_wconf 81' lang='lat' dir='ltr'><strong>aut</strong></span> <span class='ocrx_word' id='word_1_332' title='bbox 1402 3759 1527 3793; x_wconf 81' lang='lat' dir='ltr'><strong>emo·</strong></span> 
     </span>
    </p>
   </div>
   <div class='ocr_carea' id='block_1_8' title="bbox 446 3807 1527 4253">
    <p class='ocr_par' dir='ltr' id='par_1_11' title="bbox 446 3807 1527 4253">
     <span class='ocr_line' id='line_1_42' title="bbox 457 3807 1527 3879; baseline 0.014 -26"><span class='ocrx_word' id='word_1_333' title='bbox 457 3807 506 3853; x_wconf 78' lang='lat' dir='ltr'><strong>ri</strong></span> <span class='ocrx_word' id='word_1_334' title='bbox 531 3807 724 3856; x_wconf 79' lang='lat' dir='ltr'><strong>minime</strong></span> <span class='ocrx_word' id='word_1_335' title='bbox 743 3811 1030 3862; x_wconf 76' lang='lat' dir='ltr'><strong>convenisse.</strong></span> <span class='ocrx_word' id='word_1_336' title='bbox 1085 3816 1166 3863; x_wconf 79' lang='lat' dir='ltr'><strong>Ex</strong></span> <span class='ocrx_word' id='word_1_337' title='bbox 1189 3817 1450 3879; x_wconf 84' lang='lat' dir='ltr'><strong>Spartiau.</strong></span> <span class='ocrx_word' id='word_1_338' title='bbox 1474 3820 1527 3868; x_wconf 88' lang='lat' dir='ltr'><strong>in</strong></span> 
     </span>
     <span class='ocr_line' id='line_1_43' title="bbox 459 3882 1525 3958; baseline 0.013 -26"><span class='ocrx_word' id='word_1_339' title='bbox 459 3882 689 3933; x_wconf 75' lang='lat' dir='ltr'><strong>Severo:</strong></span> <span class='ocrx_word' id='word_1_340' title='bbox 724 3893 738 3915; x_wconf 86' lang='lat'>‘</span> <span class='ocrx_word' id='word_1_341' title='bbox 759 3886 846 3935; x_wconf 88' lang='lat' dir='ltr'><strong>De</strong></span> <span class='ocrx_word' id='word_1_342' title='bbox 869 3888 969 3937; x_wconf 81' lang='lat' dir='ltr'><strong>hoc</strong></span> <span class='ocrx_word' id='word_1_343' title='bbox 993 3902 1200 3941; x_wconf 88' lang='lat' dir='ltr'><strong>senatus</strong></span> <span class='ocrx_word' id='word_1_344' title='bbox 1224 3895 1297 3942; x_wconf 87' lang='lat' dir='ltr'><strong>ita</strong></span> <span class='ocrx_word' id='word_1_345' title='bbox 1317 3895 1525 3958; x_wconf 85' lang='lat' dir='ltr'><strong>judica-</strong></span> 
     </span>
     <span class='ocr_line' id='line_1_44' title="bbox 458 3961 1524 4032; baseline 0.019 -27"><span class='ocrx_word' id='word_1_346' title='bbox 458 3961 553 4015; x_wconf 86' lang='lat' dir='ltr'><strong>vit,</strong></span> <span class='ocrx_word' id='word_1_347' title='bbox 579 3962 719 4009; x_wconf 88' lang='lat' dir='ltr'><strong>illum</strong></span> <span class='ocrx_word' id='word_1_348' title='bbox 746 3973 836 4013; x_wconf 92' lang='lat' dir='ltr'><strong>aut</strong></span> <span class='ocrx_word' id='word_1_349' title='bbox 860 3968 1003 4016; x_wconf 84' lang='lat' dir='ltr'><strong>nasci</strong></span> <span class='ocrx_word' id='word_1_350' title='bbox 1027 3983 1128 4018; x_wconf 88' lang='lat' dir='ltr'><strong>non</strong></span> <span class='ocrx_word' id='word_1_351' title='bbox 1153 3971 1414 4032; x_wconf 76' lang='lat' dir='ltr'><strong>debuisse,</strong></span> <span class='ocrx_word' id='word_1_352' title='bbox 1432 3984 1524 4025; x_wconf 86' lang='lat' dir='ltr'><strong>aut</strong></span> 
     </span>
     <span class='ocr_line' id='line_1_45' title="bbox 446 4038 1522 4105; baseline 0.017 -21"><span class='ocrx_word' id='word_1_353' title='bbox 446 4050 560 4086; x_wconf 67' lang='lat' dir='ltr'><strong>‘non</strong></span> <span class='ocrx_word' id='word_1_354' title='bbox 601 4038 767 4088; x_wconf 88' lang='lat' dir='ltr'><strong>mori.&#39;</strong></span> <span class='ocrx_word' id='word_1_355' title='bbox 832 4042 970 4091; x_wconf 89' lang='lat' dir='ltr'><strong>Illud</strong></span> <span class='ocrx_word' id='word_1_356' title='bbox 1000 4045 1211 4105; x_wconf 52' lang='lat' dir='ltr'><strong>justum*</strong></span> <span class='ocrx_word' id='word_1_357' title='bbox 1232 4058 1407 4099; x_wconf 88' lang='lat' dir='ltr'><strong>natum</strong></span> <span class='ocrx_word' id='word_1_358' title='bbox 1453 4067 1522 4102; x_wconf 84' lang='lat' dir='ltr'><strong>ex</strong></span> 
     </span>
     <span class='ocr_line' id='line_1_46' title="bbox 457 4115 1521 4185; baseline 0.018 -26"><span class='ocrx_word' id='word_1_359' title='bbox 457 4127 590 4162; x_wconf 78' lang='lat' dir='ltr'><strong>voce</strong></span> <span class='ocrx_word' id='word_1_360' title='bbox 624 4115 892 4179; x_wconf 87' lang='lat' dir='ltr'><strong>‘justitio’</strong></span> <span class='ocrx_word' id='word_1_361' title='bbox 913 4135 1029 4184; x_wconf 78' lang='lat' dir='ltr'><strong>quae</strong></span> <span class='ocrx_word' id='word_1_362' title='bbox 1054 4127 1344 4185; x_wconf 84' lang='lat' dir='ltr'><strong>praecessit.</strong></span> <span class='ocrx_word' id='word_1_363' title='bbox 1406 4128 1521 4177; x_wconf 84' lang='lat' dir='ltr'><strong>Sal-</strong></span> 
     </span>
     <span class='ocr_line' id='line_1_47' title="bbox 455 4188 892 4253; baseline 0.018 -19"><span class='ocrx_word' id='word_1_364' title='bbox 455 4188 595 4252; x_wconf 84' lang='lat' dir='ltr'><strong>apud</strong></span> <span class='ocrx_word' id='word_1_365' title='bbox 625 4191 892 4253; x_wconf 83' lang='lat' dir='ltr'><strong>Spartian.</strong></span> 
     </span>
    </p>
   </div>
   <div class='ocr_carea' id='block_1_9' title="bbox 443 4267 1517 4337">
    <p class='ocr_par' dir='ltr' id='par_1_12' title="bbox 443 4267 1517 4337">
     <span class='ocr_line' id='line_1_48' title="bbox 443 4267 1517 4337; baseline 0.016 -22"><span class='ocrx_word' id='word_1_366' title='bbox 443 4278 453 4286; x_wconf 89' lang='lat'>·</span> <span class='ocrx_word' id='word_1_367' title='bbox 518 4273 547 4310; x_wconf 72' lang='grc' dir='ltr'><strong>Ρ</strong></span> <span class='ocrx_word' id='word_1_368' title='bbox 579 4267 777 4319; x_wconf 75' lang='lat' dir='ltr'><strong>Scilicet</strong></span> <span class='ocrx_word' id='word_1_369' title='bbox 813 4271 962 4337; x_wconf 79' lang='lat' dir='ltr'><strong>quod]</strong></span> <span class='ocrx_word' id='word_1_370' title='bbox 996 4274 1101 4325; x_wconf 87' lang='lat' dir='ltr'><strong>Hic</strong></span> <span class='ocrx_word' id='word_1_371' title='bbox 1125 4278 1373 4329; x_wconf 87' lang='lat' dir='ltr'><strong>rationem</strong></span> <span class='ocrx_word' id='word_1_372' title='bbox 1403 4289 1517 4332; x_wconf 76' lang='lat' dir='ltr'><strong>tan-</strong></span> 
     </span>
    </p>
   </div>
   <div class='ocr_carea' id='block_1_10' title="bbox 1616 2900 2684 3197">
    <p class='ocr_par' dir='ltr' id='par_1_13' title="bbox 1616 2900 2684 3197">
     <span class='ocr_line' id='line_1_49' title="bbox 1621 2900 2683 2955; baseline -0.005 -1"><span class='ocrx_word' id='word_1_373' title='bbox 1621 2911 1729 2955; x_wconf 90' lang='lat' dir='ltr'><strong>tum</strong></span> <span class='ocrx_word' id='word_1_374' title='bbox 1757 2906 1929 2954; x_wconf 87' lang='lat' dir='ltr'><strong>reddit</strong></span> <span class='ocrx_word' id='word_1_375' title='bbox 1950 2919 2046 2954; x_wconf 90' lang='lat' dir='ltr'><strong>cur</strong></span> <span class='ocrx_word' id='word_1_376' title='bbox 2065 2905 2317 2954; x_wconf 84' lang='lat' dir='ltr'><strong>Severum</strong></span> <span class='ocrx_word' id='word_1_377' title='bbox 2350 2901 2514 2951; x_wconf 89' lang='lat' dir='ltr'><strong>emori</strong></span> <span class='ocrx_word' id='word_1_378' title='bbox 2539 2900 2683 2949; x_wconf 87' lang='lat' dir='ltr'><strong>mini·</strong></span> 
     </span>
     <span class='ocr_line' id='line_1_50' title="bbox 1617 2979 2684 3046; baseline -0.005 -15"><span class='ocrx_word' id='word_1_379' title='bbox 1617 2998 1701 3032; x_wconf 85' lang='lat' dir='ltr'><strong>me</strong></span> <span class='ocrx_word' id='word_1_380' title='bbox 1740 2984 1998 3043; x_wconf 79' lang='lat' dir='ltr'><strong>decebat3</strong></span> <span class='ocrx_word' id='word_1_381' title='bbox 2047 2981 2165 3046; x_wconf 90' lang='lat' dir='ltr'><strong>quia</strong></span> <span class='ocrx_word' id='word_1_382' title='bbox 2200 2981 2405 3031; x_wconf 87' lang='lat' dir='ltr'><strong>scilicet</strong></span> <span class='ocrx_word' id='word_1_383' title='bbox 2444 2979 2684 3034; x_wconf 88' lang='lat' dir='ltr'><strong>Romani,</strong></span> 
     </span>
     <span class='ocr_line' id='line_1_51' title="bbox 1616 3058 2683 3121; baseline -0.005 -15"><span class='ocrx_word' id='word_1_384' title='bbox 1616 3066 1893 3121; x_wconf 84' lang='lat' dir='ltr'><strong>postquam</strong></span> <span class='ocrx_word' id='word_1_385' title='bbox 1932 3058 2000 3106; x_wconf 88' lang='lat' dir='ltr'><strong>ad</strong></span> <span class='ocrx_word' id='word_1_386' title='bbox 2038 3066 2274 3106; x_wconf 83' lang='lat' dir='ltr'><strong>veterum</strong></span> <span class='ocrx_word' id='word_1_387' title='bbox 2317 3058 2683 3114; x_wconf 81' lang='lat' dir='ltr'><strong>innocentiam,</strong></span> 
     </span>
     <span class='ocr_line' id='line_1_52' title="bbox 1616 3133 2684 3197; baseline -0.003 -16"><span class='ocrx_word' id='word_1_388' title='bbox 1616 3136 1764 3197; x_wconf 86' lang='lat' dir='ltr'><strong>quasi</strong></span> <span class='ocrx_word' id='word_1_389' title='bbox 1800 3134 1863 3182; x_wconf 87' lang='lat' dir='ltr'><strong>ad</strong></span> <span class='ocrx_word' id='word_1_390' title='bbox 1904 3135 2153 3183; x_wconf 88' lang='lat' dir='ltr'><strong>mentium</strong></span> <span class='ocrx_word' id='word_1_391' title='bbox 2180 3133 2477 3187; x_wconf 83' lang='lat' dir='ltr'><strong>sanitatem,</strong></span> <span class='ocrx_word' id='word_1_392' title='bbox 2504 3146 2684 3194; x_wconf 87' lang='lat' dir='ltr'><strong>perve-</strong></span> 
     </span>
    </p>
   </div>
   <div class='ocr_carea' id='block_1_11' title="bbox 1603 3212 2682 3271">
    <p class='ocr_par' dir='ltr' id='par_1_14' title="bbox 1603 3212 2682 3271">
     <span class='ocr_line' id='line_1_53' title="bbox 1603 3212 2682 3271; baseline -0.004 -10"><span class='ocrx_word' id='word_1_393' title='bbox 1603 3221 1820 3271; x_wconf 76' lang='lat' dir='ltr'><strong>nerant,</strong></span> <span class='ocrx_word' id='word_1_394' title='bbox 1852 3213 2316 3262; x_wconf 85' lang='lat' dir='ltr'><strong>clementissimum</strong></span> <span class='ocrx_word' id='word_1_395' title='bbox 2350 3212 2494 3260; x_wconf 85' lang='lat' dir='ltr'><strong>illum</strong></span> <span class='ocrx_word' id='word_1_396' title='bbox 2524 3212 2682 3259; x_wconf 86' lang='lat' dir='ltr'><strong>corri-</strong></span> 
     </span>
    </p>
   </div>
   <div class='ocr_carea' id='block_1_12' title="bbox 1602 3287 2683 4343">
    <p class='ocr_par' dir='ltr' id='par_1_15' title="bbox 1613 3287 2683 3726">
     <span class='ocr_line' id='line_1_54' title="bbox 1614 3287 2683 3351; baseline -0.004 -15"><span class='ocrx_word' id='word_1_397' title='bbox 1614 3290 1797 3351; x_wconf 84' lang='lat' dir='ltr'><strong>gendis</strong></span> <span class='ocrx_word' id='word_1_398' title='bbox 1822 3287 2049 3337; x_wconf 89' lang='lat' dir='ltr'><strong>moribus</strong></span> <span class='ocrx_word' id='word_1_399' title='bbox 2072 3287 2278 3349; x_wconf 81' lang='lat' dir='ltr'><strong>experti</strong></span> <span class='ocrx_word' id='word_1_400' title='bbox 2302 3294 2441 3335; x_wconf 83' lang='lat' dir='ltr'><strong>sunt.</strong></span> <span class='ocrx_word' id='word_1_401' title='bbox 2528 3287 2683 3347; x_wconf 83' lang='lat' dir='ltr'><strong>Spar·</strong></span> 
     </span>
     <span class='ocr_line' id='line_1_55' title="bbox 1613 3360 2680 3428; baseline -0.006 -14"><span class='ocrx_word' id='word_1_402' title='bbox 1613 3366 1786 3414; x_wconf 87' lang='lat' dir='ltr'><strong>tianus</strong></span> <span class='ocrx_word' id='word_1_403' title='bbox 1812 3377 1935 3415; x_wconf 76' lang='lat' dir='ltr'><strong>vero</strong></span> <span class='ocrx_word' id='word_1_404' title='bbox 1968 3371 2245 3428; x_wconf 85' lang='lat' dir='ltr'><strong>utramque</strong></span> <span class='ocrx_word' id='word_1_405' title='bbox 2286 3362 2540 3409; x_wconf 81' lang='lat' dir='ltr'><strong>rationem</strong></span> <span class='ocrx_word' id='word_1_406' title='bbox 2566 3360 2680 3410; x_wconf 88' lang='lat' dir='ltr'><strong>red·</strong></span> 
     </span>
     <span class='ocr_line' id='line_1_56' title="bbox 1615 3436 2681 3502; baseline -0.006 -13"><span class='ocrx_word' id='word_1_407' title='bbox 1615 3441 1713 3502; x_wconf 89' lang='lat' dir='ltr'><strong>dit,</strong></span> <span class='ocrx_word' id='word_1_408' title='bbox 1743 3454 1841 3489; x_wconf 87' lang='lat' dir='ltr'><strong>cur</strong></span> <span class='ocrx_word' id='word_1_409' title='bbox 1875 3440 1958 3487; x_wconf 83' lang='lat' dir='ltr'><strong>vel</strong></span> <span class='ocrx_word' id='word_1_410' title='bbox 1996 3438 2157 3492; x_wconf 90' lang='lat' dir='ltr'><strong>nasci,</strong></span> <span class='ocrx_word' id='word_1_411' title='bbox 2181 3437 2262 3484; x_wconf 88' lang='lat' dir='ltr'><strong>vel</strong></span> <span class='ocrx_word' id='word_1_412' title='bbox 2300 3436 2432 3484; x_wconf 89' lang='lat' dir='ltr'><strong>mori</strong></span> <span class='ocrx_word' id='word_1_413' title='bbox 2471 3437 2681 3484; x_wconf 79' lang='lat' dir='ltr'><strong>minime</strong></span> 
     </span>
     <span class='ocr_line' id='line_1_57' title="bbox 1613 3512 2680 3576; baseline -0.006 -11"><span class='ocrx_word' id='word_1_414' title='bbox 1613 3516 1874 3566; x_wconf 77' lang='lat' dir='ltr'><strong>debebat:</strong></span> <span class='ocrx_word' id='word_1_415' title='bbox 1911 3512 2135 3567; x_wconf 56' lang='lat' dir='ltr'><strong>‘Quoue</strong></span> <span class='ocrx_word' id='word_1_416' title='bbox 2173 3512 2363 3576; x_wconf 82' lang='lat' dir='ltr'><strong>iuquit,</strong></span> <span class='ocrx_word' id='word_1_417' title='bbox 2400 3512 2416 3539; x_wconf 88' lang='lat'>‘</span> <span class='ocrx_word' id='word_1_418' title='bbox 2441 3520 2496 3560; x_wconf 89' lang='lat' dir='ltr'><strong>et</strong></span> <span class='ocrx_word' id='word_1_419' title='bbox 2533 3512 2680 3560; x_wconf 88' lang='lat' dir='ltr'><strong>nimis</strong></span> 
     </span>
     <span class='ocr_line' id='line_1_58' title="bbox 1613 3587 2679 3655; baseline -0.006 -14"><span class='ocrx_word' id='word_1_420' title='bbox 1613 3592 1859 3655; x_wconf 85' lang='lat' dir='ltr'><strong>crudelis,</strong></span> <span class='ocrx_word' id='word_1_421' title='bbox 1879 3599 1935 3641; x_wconf 90' lang='lat' dir='ltr'><strong>et</strong></span> <span class='ocrx_word' id='word_1_422' title='bbox 1959 3591 2113 3639; x_wconf 86' lang='lat' dir='ltr'><strong>nimis</strong></span> <span class='ocrx_word' id='word_1_423' title='bbox 2137 3590 2280 3638; x_wconf 85' lang='lat' dir='ltr'><strong>utilis</strong></span> <span class='ocrx_word' id='word_1_424' title='bbox 2312 3588 2517 3650; x_wconf 75' lang='lat' dir='ltr'><strong>reipub.</strong></span> <span class='ocrx_word' id='word_1_425' title='bbox 2541 3587 2679 3636; x_wconf 83' lang='lat' dir='ltr'><strong>vide·</strong></span> 
     </span>
     <span class='ocr_line' id='line_1_59' title="bbox 1613 3669 1795 3726; baseline -0.005 -7"><span class='ocrx_word' id='word_1_426' title='bbox 1613 3669 1795 3726; x_wconf 62' lang='lat' dir='ltr'><strong>retur!</strong></span> 
     </span>
    </p>

    <p class='ocr_par' dir='ltr' id='par_1_16' title="bbox 1602 3740 2676 4265">
     <span class='ocr_line' id='line_1_60' title="bbox 1673 3740 2676 3810; baseline -0.01 -13"><span class='ocrx_word' id='word_1_427' title='bbox 1673 3754 1702 3790; x_wconf 70' lang='lat'><strong>‘¹</strong></span> <span class='ocrx_word' id='word_1_428' title='bbox 1731 3747 1880 3810; x_wconf 70' lang='lat' dir='ltr'><strong>Apud</strong></span> <span class='ocrx_word' id='word_1_429' title='bbox 1899 3744 2180 3808; x_wconf 65' lang='lat' dir='ltr'><strong>Cyzicenos]</strong></span> <span class='ocrx_word' id='word_1_430' title='bbox 2230 3740 2388 3802; x_wconf 82' lang='lat' dir='ltr'><strong>Apud</strong></span> <span class='ocrx_word' id='word_1_431' title='bbox 2410 3742 2676 3803; x_wconf 72' lang='lat' dir='ltr'><strong>Cyzicum,</strong></span> 
     </span>
     <span class='ocr_line' id='line_1_61' title="bbox 1607 3816 2674 3885; baseline -0.007 -12"><span class='ocrx_word' id='word_1_432' title='bbox 1607 3824 1672 3873; x_wconf 85' lang='lat' dir='ltr'><strong>ad</strong></span> <span class='ocrx_word' id='word_1_433' title='bbox 1703 3822 2043 3885; x_wconf 86' lang='lat' dir='ltr'><strong>Propontida,</strong></span> <span class='ocrx_word' id='word_1_434' title='bbox 2067 3820 2262 3867; x_wconf 87' lang='lat' dir='ltr'><strong>victum</strong></span> <span class='ocrx_word' id='word_1_435' title='bbox 2280 3816 2440 3865; x_wconf 85' lang='lat' dir='ltr'><strong>fuisse</strong></span> <span class='ocrx_word' id='word_1_436' title='bbox 2459 3817 2674 3876; x_wconf 78' lang='lat' dir='ltr'><strong>Nigrum</strong></span> 
     </span>
     <span class='ocr_line' id='line_1_62' title="bbox 1607 3892 2675 3960; baseline -0.01 -8"><span class='ocrx_word' id='word_1_437' title='bbox 1607 3901 1789 3952; x_wconf 88' lang='lat' dir='ltr'><strong>scribit</strong></span> <span class='ocrx_word' id='word_1_438' title='bbox 1831 3899 2094 3960; x_wconf 81' lang='lat' dir='ltr'><strong>Spartian.</strong></span> <span class='ocrx_word' id='word_1_439' title='bbox 2147 3894 2396 3943; x_wconf 85' lang='lat' dir='ltr'><strong>‘Deinde</strong></span> <span class='ocrx_word' id='word_1_440' title='bbox 2443 3892 2675 3941; x_wconf 85' lang='lat' dir='ltr'><strong>conflixit</strong></span> 
     </span>
     <span class='ocr_line' id='line_1_63' title="bbox 1606 3969 2670 4036; baseline -0.012 -9"><span class='ocrx_word' id='word_1_441' title='bbox 1606 3992 1722 4027; x_wconf 86' lang='lat' dir='ltr'><strong>cum</strong></span> <span class='ocrx_word' id='word_1_442' title='bbox 1763 3975 1951 4034; x_wconf 82' lang='lat' dir='ltr'><strong>Nigro,</strong></span> <span class='ocrx_word' id='word_1_443' title='bbox 1987 3985 2210 4036; x_wconf 83' lang='lat' dir='ltr'><strong>eumque</strong></span> <span class='ocrx_word' id='word_1_444' title='bbox 2250 3969 2388 4032; x_wconf 83' lang='lat' dir='ltr'><strong>apud</strong></span> <span class='ocrx_word' id='word_1_445' title='bbox 2427 3969 2670 4031; x_wconf 77' lang='lat' dir='ltr'><strong>Cyzicum</strong></span> 
     </span>
     <span class='ocr_line' id='line_1_64' title="bbox 1602 4046 2671 4113; baseline -0.01 -11"><span class='ocrx_word' id='word_1_446' title='bbox 1602 4051 1892 4111; x_wconf 63' lang='lat' dir='ltr'><strong>interemit,</strong></span> <span class='ocrx_word' id='word_1_447' title='bbox 1915 4055 2178 4113; x_wconf 83' lang='lat' dir='ltr'><strong>caputque</strong></span> <span class='ocrx_word' id='word_1_448' title='bbox 2203 4047 2316 4109; x_wconf 87' lang='lat' dir='ltr'><strong>ejus</strong></span> <span class='ocrx_word' id='word_1_449' title='bbox 2334 4046 2441 4109; x_wconf 87' lang='lat' dir='ltr'><strong>pilo</strong></span> <span class='ocrx_word' id='word_1_450' title='bbox 2458 4046 2671 4094; x_wconf 83' lang='lat' dir='ltr'><strong>circum-</strong></span> 
     </span>
     <span class='ocr_line' id='line_1_65' title="bbox 1605 4118 2668 4182; baseline -0.01 -5"><span class='ocrx_word' id='word_1_451' title='bbox 1605 4126 1760 4177; x_wconf 62' lang='lat' dir='ltr'><strong>tulit?</strong></span> <span class='ocrx_word' id='word_1_452' title='bbox 1827 4126 2166 4175; x_wconf 78' lang='lat' dir='ltr'><strong>Herodianus</strong></span> <span class='ocrx_word' id='word_1_453' title='bbox 2209 4131 2335 4169; x_wconf 85' lang='lat' dir='ltr'><strong>vero</strong></span> <span class='ocrx_word' id='word_1_454' title='bbox 2371 4118 2509 4182; x_wconf 85' lang='lat' dir='ltr'><strong>apud</strong></span> <span class='ocrx_word' id='word_1_455' title='bbox 2550 4119 2668 4168; x_wconf 78' lang='lat' dir='ltr'><strong>Issi·</strong></span> 
     </span>
     <span class='ocr_line' id='line_1_66' title="bbox 1602 4203 2357 4265; baseline -0.009 -11"><span class='ocrx_word' id='word_1_456' title='bbox 1602 4220 1742 4265; x_wconf 87' lang='lat' dir='ltr'><strong>cum,</strong></span> <span class='ocrx_word' id='word_1_457' title='bbox 1767 4203 1840 4251; x_wconf 87' lang='lat' dir='ltr'><strong>ad·</strong></span> <span class='ocrx_word' id='word_1_458' title='bbox 1855 4203 2083 4251; x_wconf 77' lang='lat' dir='ltr'><strong>Tatrrum</strong></span> <span class='ocrx_word' id='word_1_459' title='bbox 2107 4207 2357 4248; x_wconf 82' lang='lat' dir='ltr'><strong>montem.</strong></span> 
     </span>
    </p>

    <p class='ocr_par' dir='ltr' id='par_1_17' title="bbox 1663 4272 2668 4343">
     <span class='ocr_line' id='line_1_67' title="bbox 1663 4272 2668 4343; baseline -0.014 -12"><span class='ocrx_word' id='word_1_460' title='bbox 1663 4290 1686 4315; x_wconf 54' lang='grc' dir='ltr'><strong>ὃ·</strong></span> <span class='ocrx_word' id='word_1_461' title='bbox 1718 4278 1971 4343; x_wconf 77' lang='lat' dir='ltr'><strong>Lugduni]</strong></span> <span class='ocrx_word' id='word_1_462' title='bbox 2007 4278 2155 4327; x_wconf 86' lang='lat' dir='ltr'><strong>Idem</strong></span> <span class='ocrx_word' id='word_1_463' title='bbox 2180 4272 2471 4324; x_wconf 69' lang='lat' dir='ltr'><strong>Herodian·</strong></span> <span class='ocrx_word' id='word_1_464' title='bbox 2522 4273 2668 4335; x_wconf 76' lang='lat' dir='ltr'><strong>Spas-</strong></span> 
     </span>
    </p>
   </div>
  </div>
 </body>
</html>
