3023 4942
510 373 600 444 98

507 557 640 604 mae
672 533 982 621 species⁶
1010 539 1214 616 caput
1259 532 1408 616 ejus
1454 530 1774 616 amplexa
1801 536 1926 597 est.
2010 532 2077 597 2.
2122 529 2283 597 Hoc
2314 531 2464 596 visu
2488 529 2711 599 Tanna

508 640 655 724 quil
698 656 1022 703 summam
1069 637 1460 717 dignitatem
1509 634 1822 719 portendi
1863 633 2221 699 intellexit.
2305 633 2374 699 3.
2423 633 2714 718 Coniugi

509 743 742 818 suasit,
771 748 851 806 ut
883 740 983 806 ita
1009 759 1185 816 eum,
1215 749 1291 805 ut
1318 739 1566 804 liberos
1597 757 1785 809 suos,
1821 733 2190 802 educaret.‘¹
2272 738 2342 802 4.
2386 734 2528 815 Qui
2558 756 2713 803 cum

511 844 943 920 adolevisset,
968 861 1162 925 gener
1205 861 1246 906 a
1280 840 1652 928 Tarquinio
1702 845 2041 905 assumtus
2086 847 2231 903 est:
2275 846 2369 916 et,
2413 858 2567 904 cum
2595 858 2716 904 rex

508 947 779 1012 occisus
810 950 1016 1021 esset,
1039 944 1384 1026 Tanaquil
1412 962 1500 1006 ex
1530 943 1765 1006 altiore
1797 942 1949 1006 loco
1969 949 1992 977 ⁸
2025 941 2113 1006 ad
2144 942 2462 1025 populum
2490 942 2717 1027 despi-

511 1049 719 1125 cienS,
752 1047 870 1123 ait,
903 1047 1209 1111 Priscum
1239 1045 1422 1126 gravi
1450 1044 1743 1128 quidem,
1774 1043 1894 1108 sed
1927 1063 2061 1107 non
2090 1043 2278 1107 letali
2310 1043 2576 1108 vulnere
2606 1064 2715 1109 ac-

513 1157 741 1234 cepte,
772 1154 1022 1233 petere,
1071 1154 1147 1212 ut
1194 1147 1482 1227 interim,
1533 1148 1692 1211 dum
1744 1146 2188 1232 convalescit,
2219 1146 2456 1211 Servio
2485 1146 2718 1211 Tullio

511 1252 694 1317 dicto
727 1247 1119 1316 audientesf
1140 1258 1384 1314 essent.
1473 1252 1538 1315 5.
1584 1249 1861 1314 Servius
1882 1249 2148 1314 Tullius
2181 1250 2377 1332 quasi
2408 1248 2717 1332 precario

510 1359 786 1438 regnare
817 1355 1071 1436 coepit3
1104 1351 1223 1417 sed
1253 1357 1430 1418 recte
1460 1351 1810 1434 imperium
1847 1350 2351 1415 administravit.
2396 1352 2460 1416 6.
2486 1350 2718 1415 Etrus-

513 1476 630 1520 cos
686 1475 872 1539 saepe
930 1455 1222 1520 domuit:
1283 1454 1522 1518 collem
1571 1452 1984 1532 Quirinalem
2036 1460 2106 1518 et
2156 1452 2609 1518 Viminalemg
2652 1459 2719 1519 et

512 1558 860 1644 Esquilias
878 1554 905 1593 ¹¹
933 1555 1106 1622 Urbi
1137 1556 1417 1636 addidit,
1450 1555 2142 1639 aggeremfossasque
2169 1551 2373 1622 fecit.¹
2462 1555 2531 1621 7.
2580 1554 2717 1620 Po-

1095 389 1326 442 sssxvt
1375 387 1701 439 Aulium
1753 386 2106 436 VICTORIS

1429 1703 1459 1723 O

520 1789 748 1847 Ocretioe,
788 1788 1034 1844 Ocerisioe,
1067 1787 1397 1837 offatim—2
1421 1786 1533 1836 Hoc
1563 1786 1666 1837 viso
1707 1787 1825 1836 Tan.
1855 1802 2088 1838 nmmum
2109 1788 2155 1838 ei
2177 1787 2313 1850 dign.
2352 1784 2474 1837 Ald.
2512 1786 2714 1837 Schott.

517 1855 720 1905 Gaesb.
735 1855 922 1918 Delpb.
946 1854 1124 1903 Pitisc.
1193 1853 1494 1902 Pronomen
1519 1852 1623 1901 del.
1643 1853 1825 1902 Arntz.
1887 1854 2018 1903 Mox
2041 1855 2274 1915 intelligit
2290 1851 2514 1915 Agripp.
2534 1853 2716 1901 eod.-—-

512 1925 546 1969 4
577 1920 679 1969 Pro
700 1921 909 1982 quicum
928 1920 1119 1969 babent
1152 1933 1345 1982 eumque
1381 1917 1584 1967 Schott.
1610 1917 1804 1966 Gaesb.
1838 1918 2026 1982 Delpb.
2061 1919 2248 1967 Pitisc.
2280 1925 2294 1947 ⁸
2321 1920 2398 1966 Ex
2419 1918 2587 1967 altiori
2607 1919 2719 1966 loco·

512 1985 678 2034 Delet
700 1985 853 2034 hasce
878 1998 1029 2034 voces
1054 1984 1285 2034 Gramm.
1319 1984 1459 2033 solus
1481 2000 1496 2033 ε
1534 1989 1719 2032 contra
1740 1998 1801 2032 ex
1820 1984 1984 2033 altiori
2004 1984 2162 2033 babet
2181 1983 2328 2033 Leid.
2360 1987 2406 2031 1.
2428 1983 2630 2032 Boend.
2660 1992 2718 2032 et

514 2051 674 2099 Fran.
702 2050 824 2114 [Ed.
862 2049 967 2114 pr.]
1000 2065 1117 2099 cum
1152 2051 1371 2098 vetustis
1405 2047 1560 2110 Edd„
1592 2063 1754 2112 quare
1791 2051 2004 2098 omniuo
2038 2051 2119 2098 bie
2163 2063 2313 2098 voces
2350 2048 2589 2097 delendae
2613 2062 2718 2097 non

514 2114 670 2164 sunt?
693 2118 867 2164 Arntz.
934 2115 1060 2164 Mox
1084 2114 1309 2167 Priscum
1344 2114 1655 2178 Tarquinium
1676 2113 1801 2162 Ald.
1836 2114 2037 2164 Schott.
2076 2113 2273 2164 Gaesb.
2312 2112 2503 2175 Delph.
2531 2114 2715 2162 Pitise.

515 2181 825 2244 Tarquinium
862 2180 965 2229 del.
1018 2181 1202 2228 Arntz.
1240 2187 1450 2228 secutus
1491 2178 1698 2228 schotti
1737 2177 1889 2227 codd.
1946 2180 2131 2243 quibus
2179 2179 2525 2241 astipulantur
2561 2177 2720 2227 Fran.

513 2245 716 2294 Boend.
756 2251 809 2294 et
837 2244 1002 2310 Lugd.
1026 2250 1074 2295 2.
1098 2260 1215 2295 cum
1248 2246 1413 2309 antiq.
1451 2243 1535 2292 ed.
1602 2244 1876 2293 Praeterea
1909 2246 2246 2294 convalesceret
2279 2242 2379 2293 Ed.
2402 2257 2482 2306 pr.
2506 2257 2624 2307 qnae
2645 2244 2722 2306 rq?

511 2311 639 2365 dicto
662 2318 826 2359 caret.
876 2310 1010 2360 Vide
1036 2311 1191 2361 Nott.
1213 2310 1341 2359 Var.
1393 2310 1496 2359 Ms.
1522 2324 1606 2372 ap.
1639 2309 1847 2362 Schott.
1879 2310 2006 2359 dicto
2039 2309 2358 2359 obaudientes.
2415 2308 2553 2357 Illud
2588 2310 2716 2358 dicto

515 2391 616 2424 non
644 2382 928 2439 agnoscunt
951 2391 1080 2425 unus
1112 2384 1167 2425 et
1188 2376 1323 2424 alter
1349 2389 1379 2424 e
1406 2375 1537 2423 Mss.
1574 2372 1878 2424 Arntzenii:
1915 2373 2085 2438 Lugd.
2122 2389 2244 2423 vero
2269 2378 2315 2422 1.
2369 2372 2536 2423 Servio
2563 2374 2720 2424 Tullio

512 2441 640 2492 dicto
663 2441 1044 2492 obedientes.—6
1064 2442 1309 2493 Schottus
1333 2440 1536 2490 mavult
1558 2438 1611 2487 in
1638 2441 1871 2503 margine
1896 2440 1978 2490 Ita
1996 2440 2134 2491 serv.
2158 2440 2282 2490 Tull·
2347 2438 2455 2489 Pro
2490 2439 2722 2490 adminis-

514 2508 665 2556 trauit
689 2516 1016 2570 representat
1048 2506 1347 2556 ministravit
1370 2506 1471 2554 Ed.
1510 2519 1591 2568 pr.
1614 2512 1673 2554 ut
1695 2515 1747 2554 et
1776 2506 1977 2555 Boend.
2009 2507 2161 2556 Fran.
2200 2513 2256 2555 et
2289 2512 2515 2568 uterque
2556 2504 2721 2568 Lugd.

513 2585 599 2636 ap.
632 2570 811 2621 Arntz.
845 2573 1125 2623 ‘Etr-uscos.
1163 2573 1385 2620 Rursum
1412 2570 1750 2633 perturbatus
1782 2571 1927 2631 ordo,
1963 2586 2117 2635 quem
2144 2571 2408 2622 Johannes
2436 2570 2718 2633 Grejonius

520 2637 595 2686 sic
623 2638 978 2700 reponendum
1015 2636 1237 2699 putavit,
1258 2636 1391 2686 Livii
1430 2636 1795 2684 anctoritatem
1818 2640 2068 2688 ‘secutust
2113 2638 2341 2685 Etruscos
2362 2650 2486 2698 sape
2513 2637 2722 2685 domuit:

509 2704 730 2765 populum
749 2703 802 2751 in
823 2707 1028 2766 quatuor
1057 2702 1211 2751 tribus
1248 2700 1530 2750 distribuit.-
1563 2702 1736 2750 classes
1755 2704 2107 2765 centuriasque,
2132 2716 2395 2758 mensuras,
2429 2706 2478 2750 et
2506 2703 2719 2764 pondera

513 2768 780 2816 constituit.
849 2768 1028 2816 Collem
1053 2766 1352 2822 Quirinalem
1374 2770 1422 2814 et
1453 2764 1758 2827 Viminacium,
1778 2771 1827 2816 et
1862 2767 2101 2830 Esquilias
2134 2767 2242 2815 urbi
2279 2766 2485 2815 addidit.
2556 2766 2722 2826 Agge-

514 2848 615 2881 rem
621 2833 870 2895 fossasque
875 2832 1022 2891 fecit,
1042 2846 1099 2879 ac
1115 2836 1221 2894 post
1243 2829 1369 2894 plebi
1389 2830 1640 2878 distribuit
1655 2846 1906 2880 annonam.
1940 2831 2223 2881 Latinorum
2242 2832 2446 2894 populis,
2458 2833 2542 2893 ᾀτ.
2577 2830 2726 2880 Nihil

517 2905 689 2945 tamen
711 2905 870 2953 muto,
903 2895 1069 2945 fretus
1101 2896 1232 2944 Mss.
1272 2894 1458 2944 libris.¹
1492 2894 1776 2946 Sancta—6
1797 2898 1871 2944 Et
1900 2897 2185 2947 Viminalem
2207 2897 2347 2945 delet
2384 2895 2587 2944 Boeud.
2653 2896 2725 2944 Et

521 2962 763 3025 Esquilias
787 2964 841 3010 in
864 2962 1106 3010 Parisino
1124 2961 1357 3023 aberant,
1379 2966 1518 3009 teste
1539 2962 1740 3011 Schott.
1805 2966 1821 2989 ‘
1841 2962 2028 3024 Neque
2050 2962 2285 3024 agnoscit
2310 2961 2398 3008 bas
2423 2961 2548 3008 duas
2572 2975 2725 3012 voees

516 3031 564 3074 et
588 3028 829 3091 Esquilias
858 3027 1100 3076 Gramm.
1139 3025 1255 3075 cod·
1317 3027 1449 3090 {fres
1491 3040 1616 3076 vero
1655 3026 1893 3076 scribunt
1934 3027 2205 3090 Exquilias.
2267 3026 2393 3074 vid.
2429 3027 2629 3091 Dausq.
2659 3025 2726 3075 de

520 3091 771 3160 Orthogr.
796 3097 932 3157 part.
955 3106 1020 3141 ιι.
1045 3105 1164 3156 pag.
1186 3088 1318 3143 1263
1339 3089 1580 3142 Arntzen.
1635 3092 1858 3156 Equilias
1878 3093 2013 3157 legit
2034 3092 2136 3142 Ed.
2158 3105 2236 3157 pr.
2291 3097 2307 3121 ⁸
2326 3092 2590 3154 Agger-em.
2611 3092 2727 3155 Me·

1488 3207 1709 3257 NOTAE

581 3303 604 3329 ι·
638 3296 870 3346 Flammae
888 3296 1088 3360 speeies]
1119 3294 1258 3346 Vide
1293 3311 1409 3362 quae
1441 3295 1579 3361 apud

517 3373 729 3422 Florum
754 3373 894 3422 dicta
917 3379 1038 3421 sunt
1063 3386 1179 3437 cap.
1201 3377 1254 3421 6.

581 3446 607 3480 ἃ
640 3447 709 3496 Ut
747 3448 917 3497 liberos
946 3464 1073 3512 suos,
1112 3449 1353 3513 educaret]
1394 3448 1458 3498 Id
1479 3463 1581 3498 uno

521 3524 678 3573 verbo
701 3525 887 3575 Latine
906 3526 1094 3576 dicitur
1107 3533 1123 3556 ‘
1143 3526 1434 3577 liberaliter
1454 3526 1582 3575 edu-

521 3601 679 3652 care.’
1209 3617 1220 3626 ⁵

585 3685 608 3711 θ
641 3679 725 3728 Ex
766 3679 933 3728 altiore
973 3678 1096 3742 loco]
1149 3682 1164 3708 ‘
1187 3680 1268 3729 Ex
1313 3678 1582 3743 superiore

522 3762 670 3817 parte
693 3754 878 3807 aedium
916 3771 1011 3820 per
1043 3756 1294 3815 fenestras
1321 3757 1373 3805 in
1397 3770 1583 3805 novam

521 3830 656 3880 viam
692 3845 865 3881 versas
899 3831 1198 3895 (habitabat
1233 3828 1368 3880 enim
1402 3845 1493 3883 rex
1519 3832 1583 3880 ad

518 3906 667 3957 Jovis
689 3905 936 3985 Stqtoris)
961 3908 1205 3970 populum
1231 3906 1484 3972 Tanaquil
1514 3907 1586 3955 al·

521 3981 785 4044 loquitur:
822 3983 1018 4031 Livius.

588 4056 608 4091 f
635 4059 783 4108 Dicto
798 4057 1065 4121 audientes]
1097 4057 1161 4107 Id
1176 4063 1277 4120 est,
1298 4057 1588 4121 ‘imperim'

524 4135 654 4184 Inde
677 4136 921 4185 dictator.
987 4135 1056 4184 Et
1079 4135 1272 4198 Virgil.
1297 4135 1348 4184 in
1374 4134 1583 4187 AEneid.

526 4225 609 4264 vt.
654 4219 670 4242 ‘
697 4211 805 4260 Hic
849 4225 948 4274 ego
993 4224 1214 4275 namque
1257 4221 1375 4262 tuas
1416 4220 1584 4262 sortes

526 4302 818 4353 arcanaque
877 4287 986 4340 fata
1041 4289 1201 4340 Dicta
1255 4304 1385 4342 meae
1442 4288 1588 4354 genti

1662 3310 1849 3360 ponam
1868 3294 1902 3345 τ’
1933 3295 2023 3346 ubi
2059 3296 2190 3346 dieta
2222 3295 2348 3344 nibil
2376 3294 2515 3344 alind
2538 3292 2729 3358 signifi-

1662 3378 1787 3422 cant
1807 3386 1960 3436 quam
1985 3386 2236 3420 summum
2260 3370 2552 3434 imperium.

1726 3456 1753 3491 8
1788 3449 1964 3497 Collem
2003 3448 2303 3504 Quirinalem
2341 3451 2389 3496 et
2421 3442 2731 3507 Viminalem]

1662 3522 1838 3572 Livius
1862 3537 1902 3574 1.
1923 3526 2006 3573 44.
2035 3523 2052 3551 ‘
2069 3522 2235 3572 Addit
2252 3523 2382 3571 duos
2400 3522 2579 3582 colles,
2603 3520 2730 3570 Qui·

1663 3600 1881 3650 riualem
1912 3600 2346 3664 viminalemque.
2412 3598 2546 3646 Inde
2584 3594 2733 3644 deiu-

1665 3689 1794 3738 ceps
1824 3682 1983 3738 auget
2016 3674 2296 3738 Esquilias.
2365 3673 2554 3735 Ibique
2592 3670 2731 3734 ipse,

1665 3758 1725 3800 nt
1756 3752 1870 3801 loco
1894 3750 2120 3815 dignitas
2155 3748 2326 3808 fleret,
2354 3747 2555 3796 habitat
2570 3743 2605 3792 ε’
2640 3745 2731 3795 ubi

1665 3828 1942 3890 legendum
1968 3827 2176 3876 videtur
2207 3824 2328 3874 Inde
2346 3822 2565 3886 deinceps
2583 3825 2733 3883 auget

1666 3904 1936 3971 Esquiliis,·
1967 3904 2020 3953 id
2051 3904 2185 3953 ratio
2215 3906 2272 3949 et
2304 3900 2588 3950 auctoritas
2614 3913 2732 3948 sua-

1665 3982 1812 4032 dent.
1878 3979 2062 4042 Addit,
2119 3978 2309 4043 inquit,
2361 3976 2491 4027 Urbi
2546 3976 2731 4027 collem

1664 4059 1976 4108 viminalem
1997 4062 2050 4105 et
2062 4054 2379 4108 Quirinalem
2398 4069 2414 4114 ;
2443 4052 2564 4102 inde
2585 4051 2733 4102 dein·

1665 4148 1792 4197 ceps
1814 4133 2015 4184 Urbem
2040 4139 2201 4195 auget
2222 4130 2487 4194 Esquiliis.

1730 4209 1757 4246 ¹²
1791 4208 2060 4275 Esquilias]
2095 4209 2250 4258 Mons
2289 4206 2589 4271 Esquilinus
2625 4204 2732 4256 dic·

1670 4294 1754 4340 tus
1811 4287 1952 4355 quod
2007 4285 2248 4339 excubiae
2302 4283 2379 4335 ibi
2435 4290 2732 4348 agerentur.
