3023 4942
2450 359 2588 426 423

381 521 545 600 Hoc
590 525 890 601 tempore
943 517 1015 581 in
1064 518 1227 582 urbe
1272 515 1500 581 Roma
1546 518 1891 581 monetarii
1935 516 2361 593 rebellarunt,
2405 537 2582 600 quos

376 621 781 686 Aurelianus
814 621 1038 685 victos
1076 620 1310 684 ultima
1351 618 1746 683 crudelitate
1796 619 2238 701 compescuit.
2328 620 2391 684 5.
2439 618 2584 686 Iste

378 726 630 809 primus
684 723 862 806 apud
909 724 1264 806 Romanos
1313 721 1689 785 diademam
1743 721 1954 802 capiti
2008 721 2359 801 innexuit3
2405 742 2584 803 gem-

374 826 659 912 misque,
683 834 752 911 et
782 832 1020 888 aurata
1043 825 1224 888 omni
1256 829 1502 901 veste,¹¹
1535 822 1717 905 quod
1750 822 1970 886 adhuc
1996 822 2135 886 fere
2169 822 2583 905 incognitum

377 926 709 997 Romanis
751 928 1047 991 moribus
1084 909 1449 1002 visebatur,
1480 932 1643 988 usus‘
1684 929 1810 989 est.
1896 925 1962 987 6.
2009 923 2151 988 Hic
2180 925 2387 987 muris
2418 925 2584 988 vali·

375 1025 678 1092 dioribus
703 1036 770 1092 et
797 1029 1169 1093 laxioribus
1201 1026 1452 1090 Urbem
1487 1026 1717 1108 sepsit.
1788 1025 2095 1089 Porcinae
2129 1025 2351 1088 carnis
2384 1045 2596 1089 usum·

376 1130 640 1213 populo
701 1130 1004 1193 instituit.
1124 1132 1190 1193 7.
1255 1128 1395 1191 Hic
1453 1128 1826 1205 Tetricum,
1878 1126 1998 1211 qui
2060 1126 2438 1210 Imperator
2492 1126 2597 1191 ab‘
2632 1143 2636 1147 ’

375 1233 682 1296 exercitu
723 1232 795 1295 in
846 1231 1100 1295 Galliis
1153 1229 1435 1292 effectus
1485 1217 1732 1306 fuerat,
1783 1233 2221 1291 correctorem
2254 1227 2595 1294 Lucaniae1

376 1332 711 1414 provexit,
744 1352 1106 1415 aspergens
1135 1331 1470 1394 hominem
1514 1331 1803 1411 eleganti
1840 1330 2025 1412 joce,
2056 1330 2435 1393 Sublimius
2465 1328 2594 1420 het-j

373 1433 664 1497 bendum
694 1454 920 1515 regere
963 1434 1253 1515 aliquam
1288 1432 1513 1496 Italiae
1546 1440 1833 1515 partem,
1867 1451 2068 1515 quam
2104 1437 2286 1495 trans
2319 1431 2539 1513 Alpes
2555 1429 2598 1468 ⁰³

374 1555 667 1615 regnare.
754 1536 817 1599 8.
869 1535 1259 1599 Novissime
1294 1535 1529 1604 fraude
1549 1542 1577 1582 P
1607 1535 1783 1599 servi
1810 1535 1968 1611 sui,q
1999 1535 2116 1617 qui
2140 1534 2223 1597 ad
2250 1533 2593 1617 quosdam

275 1633 281 1638 ’
373 1637 702 1700 militares
747 1638 951 1713 virOS‚
994 1640 1250 1716 amicos
1293 1639 1537 1721 ipsius,
1583 1625 1864 1703 nomina
1916 1637 2189 1719 pertulit
2232 1642 2582 1711 annotata,

373 1738 548 1812 falso
607 1760 874 1804 manum
932 1741 1081 1825 ejus
1141 1742 1470 1817 imitatum,
1526 1746 1853 1824 tanquam
1912 1737 2325 1803 Aurelianus
2390 1738 2596 1821 ipsos

372 1847 635 1923 pararet
666 1842 999 1921 occidere,
1021 1844 1108 1906 ab
1139 1843 1379 1906 iisdem
1403 1841 1795 1907 interfectus
1813 1846 1918 1905 est
1945 1843 2011 1904 in
2040 1841 2304 1905 itineris
2336 1840 2592 1915 medi0‚·

377 1943 559 2026 quod
590 1943 806 2007 interr
839 1945 1508 2028 Constantinopolim
1554 1951 1626 2008 et
1659 1944 2067 2008 Heracleam
2100 1950 2230 2006 est.
2318 1944 2384 2007 9.
2430 1941 2589 2007 Fuit

369 2065 600 2110 saevus
635 2055 707 2111 et
736 2049 1221 2131 sanguinarius,
1249 2055 1313 2110 et
1344 2056 1494 2111 trux
1528 2045 1709 2111 omni
1739 2053 2065 2129 tempore,
2091 2046 2294 2109 etiam
2325 2044 2446 2108 filii
2471 2064 2592 2110 so-

373 2148 541 2212 roris
599 2149 1026 2213 interfector?
1111 2149 1220 2213 10.
1291 2149 1449 2214 Hoc
1509 2157 1813 2231 tempore
1872 2156 2139 2230 septem
2199 2145 2591 2236 mensibusf

370 2249 720 2334 interregni
752 2252 1018 2336 species
1050 2253 1296 2316 evenit.
2257 2275 2262 2280 “

1294 2367 1324 2389 0
1328 2365 1536 2387 ‘Ome‘
1540 2366 1661 2388 9000

1035 373 1389 422 EPrroME.
1469 374 1635 421 cAP.
1672 373 1932 422 XXXV·

360 2447 638 2501 Arata-4
656 2453 671 2480 ‘
699 2451 879 2502 Victus·
918 2450 1055 2500 Edd.
1078 2450 1272 2501 habent
1296 2452 1464 2508 victor,
1485 2457 1542 2500 et
1562 2451 1638 2500 illi
1660 2450 1875 2501 lectioni
1903 2449 2110 2499 videtur
2132 2448 2312 2498 favere
2327 2446 2595 2511 Vopiscus

369 2515 421 2562 in
450 2514 630 2564 Aurei.
666 2532 783 2578 cap.
815 2523 895 2566 21.
920 2531 1038 2565 cum
1059 2532 1183 2566 vero
1205 2518 1352 2566 victos
1375 2526 1430 2566 et
1455 2517 1658 2566 Schotti
1696 2517 1815 2565 libri
1843 2527 1893 2564 et
1918 2519 2018 2564 mei
2044 2517 2328 2578 requirant,
2352 2529 2444 2563 cur
2470 2513 2584 2562 siue

368 2582 683 2630 necessitate
734 2583 856 2630 fidei
907 2597 1082 2630 eorum
1131 2582 1507 2645 repugnarem?
1527 2580 1542 2602 ⁹
1592 2583 1867 2630 Arum—5
1912 2581 2178 2631 Videbatur
2213 2595 2306 2641 pro
2341 2577 2584 2627 visebatur

369 2640 574 2693 Scliott.
604 2646 800 2695 Gaesb.
835 2648 1032 2709 Delph.
1070 2648 1255 2696 Pitisc.
1293 2654 1479 2696 contra
1505 2647 1758 2694 codd.—-7
1798 2647 2090 2694 'Veronens-
2112 2660 2323 2693 osserens
2349 2644 2585 2691 hominem

364 2708 573 2769 eleganti
595 2711 709 2773 loco,
734 2726 1005 2772 perperam
1033 2712 1171 2761 forte
1195 2726 1288 2776 pro
1295 2713 1425 2772 joco,
1440 2711 1625 2773 judice
1651 2712 1958 2760 Schott.—8
1986 2710 2199 2759 Pertulit
2218 2714 2445 2757 annotata
2466 2707 2583 2756 abs·

368 2788 473 2835 que
491 2775 828 2824 nomina-Mss.
854 2791 937 2836 ap.
959 2777 1164 2827 Schott.
1233 2778 1359 2825 Mox
1379 2774 1504 2824 τὸέκ
1528 2778 1650 2825 ante
1674 2776 1869 2824 itineris
1891 2779 2039 2823 uncis
2066 2775 2340 2822 includunt
2379 2774 2590 2822 Sabou.-

369 2837 778 2904 Gaesb.‘Delph.
802 2842 989 2892 Pitisc.
1055 2843 1120 2892 Iu
1139 2856 1287 2907 seqq·
1307 2841 1554 2891 Eracliam
1574 2840 1725 2907 Leid.
1748 2845 1795 2889 1.
1826 2841 2061 2890 Aradium
2084 2841 2233 2889 Leid-
2256 2842 2411 2888 alter.

1371 2944 1587 3003 NOTAE

431 3051 468 3076 ¹¹²
503 3044 699 3093 Primus
737 3048 866 3107 apud
909 3048 1152 3096 Romnum
1193 3045 1433 3108 diadema]
1508 3045 1670 3094 tricus
1695 3044 1967 3107 imperinm
1995 3042 2277 3091 invaserat.

371 3120 440 3168 At
465 3135 626 3183 snpra
661 3121 712 3170 in
740 3123 980 3184 Caligula
1016 3125 1225 3185 scripsit
1250 3124 1434 3186 Epito-

1569 3130 1598 3164 Ρ
1632 3117 2119 3180 Novissimesraude]
2154 3119 2291 3167 Haec
2325 3131 2485 3180 usque
2510 3117 2577 3165 ad

364 3198 552 3245 mista:
579 3195 818 3246 ‘Primus
839 3198 1136 3249 diademate
1159 3198 1434 3262 capitiim·
1491 3198 1601 3257 fuit
1637 3213 1807 3260 saevus,
1854 3197 1918 3245 ad
1963 3195 2179 3244 verbnm
2225 3210 2292 3244 ex
2323 3195 2577 3258 Eutropio

366 3273 556 3334 posito,
579 3272 850 3320 Dominum
873 3288 928 3320 se
954 3275 1115 3337 jussit
1146 3272 1437 3337 appellari!

367 3347 520 3399 Quod
545 3362 663 3396 cum
686 3362 717 3394 a
750 3362 805 3398 se
836 3351 1086 3411 scriptum
1123 3363 1224 3399 nou
1259 3365 1434 3399 recor-

365 3423 598 3479 daretur,
621 3430 677 3472 et
714 3425 852 3486 apud
877 3426 1005 3473 alios
1042 3429 1326 3489 scriptores
1363 3427 1435 3475 le·

367 3500 532 3559 gisset
563 3498 614 3547 id
638 3506 840 3548 tantum
879 3507 1109 3550 tentasse
1130 3502 1436 3562 Caligulam,

363 3575 448 3624 hic
477 3574 542 3622 de
567 3574 847 3624 Aureliano
882 3576 1059 3638 prodit
1081 3577 1220 3640 qnod
1253 3592 1433 3626 verum

363 3660 480 3711 θεῖς
515 3651 558 3699 is
590 3651 727 3699 enim
757 3652 953 3714 primus
990 3653 1232 3702 diadema
1267 3654 1432 3716 capiti

360 3728 640 3790 imposuit:
679 3728 854 3776 Caesar
892 3727 1027 3776 enim
1061 3728 1159 3775 sibi
1196 3728 1430 3779 oblatum

362 3804 416 3850 in
466 3804 775 3866 Capitolium
814 3804 993 3854 misit:
1039 3802 1300 3854 Antonius
1338 3806 1424 3855 tra-

361 3879 497 3941 bnit,
512 3880 605 3927 sed
626 3892 726 3929 non
753 3881 950 3930 Romae.

426 3963 452 3989 Β
487 3957 804 4019 Geminisque,
827 3963 876 4004 ee
913 3960 1085 4005 aurata
1121 3957 1247 4006 omni
1275 3959 1425 4023 veste]

362 4032 654 4096 Vopiscus:
687 4043 699 4061 ⁸
719 4034 865 4083 Tunc
890 4033 992 4081 iuae
1013 4041 1203 4096 vestes,
1225 4050 1352 4099 quas
1377 4036 1428 4083 in

360 4098 553 4168 templo
575 4109 706 4157 Solis
732 4108 987 4171 videmus,
1009 4102 1262 4159 conserta:
1285 4125 1428 4173 gem·

357 4183 490 4232 mis.’

348 4282 361 4300 1
400 4267 449 4293 ·⁶
487 4262 644 4317 Quom
679 4254 814 4312 trans
847 4261 1022 4327 Alpes]
1060 4263 1121 4312 In
1146 4262 1429 4327 Aquitania
1492 4271 1501 4281 “

362 4336 582 4391 scilicet,
613 4337 701 4386 ubi
746 4338 1079 4401 praesidatum
1106 4353 1290 4404 regens
1324 4342 1424 4390 Te-

1506 3273 1676 3323 hsusit
1702 3273 2031 3335 Epitomista.

1573 3358 1598 3391 ‘1
1632 3350 1771 3398 Servi
1791 3347 1892 3409 sui]
1928 3345 2211 3396 Mnesthei.

1573 3434 1594 3460 ¹·
1625 3426 1829 3475 Itineris
1842 3425 2149 3486 medi0,quod
2166 3421 2317 3484 inter]
2355 3420 2435 3469 Ad
2461 3422 2577 3472 Cae·

1507 3502 1863 3564 nophrurium.
1922 3500 2057 3548 Vide
2082 3501 2133 3547 in
2161 3498 2475 3546 CaesaribuS.

1569 3586 1587 3610 ⁸
1621 3579 1789 3626 Etiam
1795 3576 1904 3643 filii
1925 3575 2102 3624 sororis
2124 3564 2431 3635 interfector]
2466 3573 2572 3621 Im-

1504 3668 1591 3702 mo
1612 3655 1735 3702 filiae
1761 3654 1973 3714 sorori3‚
2004 3663 2060 3700 ut
2085 3651 2338 3711 Vopiscus
2369 3665 2433 3698 ex
2460 3649 2574 3711 plu-

1504 3731 1636 3789 rium
1676 3733 1969 3779 sententia:
2010 3729 2097 3793 qni
2125 3738 2294 3776 tamen
2332 3728 2454 3777 alibi
2480 3729 2572 3783 ait,

1497 3808 1513 3833 ‘
1533 3807 1748 3856 Addunt
1774 3807 2023 3863 nonnulli,
2055 3806 2209 3854 filium
2234 3807 2445 3864 sororis,
2468 3819 2569 3854 nou

1496 3884 1678 3938 filiani,
1701 3885 1767 3933 ab
1791 3884 1975 3932 eodem
2001 3881 2376 3931 interfectum?
2422 3882 2569 3931 Quos

1499 3967 1709 4008 secutus
1757 3961 1971 4019 Eutrop.
2015 3959 2031 3984 ‘
2061 3960 2209 4006 Trux
2254 3958 2393 4005 omni
2439 3965 2569 4005 tem·

1497 4054 1646 4102 pore,
1682 4039 1841 4086 etiarn
1879 4037 1967 4086 tilii
2004 4039 2194 4084 sororis
2224 4035 2569 4103 interfector?

1500 4116 1571 4164 Et
1612 4114 1918 4177 Eutropium
1952 4112 2037 4160 liic
2075 4113 2267 4162 Noster
2300 4113 2437 4163 bona
2460 4111 2577 4165 fide.

1500 4190 1848 4254 transcripsit.

1563 4269 1581 4300 ‘
1613 4268 1801 4331 Septem
1838 4262 2094 4326 mensibus]
2140 4265 2305 4316 Immo
2350 4278 2461 4320 sex,
2503 4268 2575 4336 nt·

1495 4358 1656 4408 supra
1677 4344 1730 4392 in
1754 4342 2068 4392 Caesaribus.
2567 4350 2572 4357 ·
