3023 4942
2344 366 2475 433 403

286 531 689 618 permitteret
716 532 898 599 vires
925 533 1224 615 recipere
1249 551 1268 611 ;
1311 530 1689 614 respondit,
1714 531 1799 595 ab
1818 528 2133 595 incolumi
2164 530 2477 612 quamvis

288 635 608 717 paulatim
639 634 903 715 negotia
939 632 1174 716 perfici
1204 651 1438 714 posse,
1471 652 1515 697 a
1546 637 1802 697 mortuo
1839 630 2022 694 nihil.
2109 629 2176 693 3.
2221 630 2481 695 Saevior

289 736 598 799 omnibus
643 733 916 802 libidine
964 742 1169 817 atque
1210 735 1524 808 avaritia,
1576 733 2004 798 crudelitate:
2065 732 2229 796 nulli
2275 731 2478 810 fidus,

287 839 627 922 magisque
656 838 726 901 in
767 856 883 901 eos
923 833 1140 913 atrox,
1168 855 1337 920 quos
1379 836 1815 919 amplissimis
1860 835 2480 922 honoribussdonis-

290 959 422 1022 que
455 939 832 1023 ingentibus
862 931 1223 1003 extblerat.
1265 938 1330 1002 4.
1370 937 1450 1001 In
1479 945 1735 1003 tantum
1764 937 2200 1020 depravatae,
2229 945 2306 1001 ut
2328 938 2476 1019 gla-

289 1042 591 1107 diatoriis
642 1041 846 1108 armis
897 1041 1281 1124 saepissime
1303 1037 1333 1076 ‘¹
1380 1041 1449 1104 in
1494 1040 1989 1124 amphitheatro
2036 1041 2480 1105 dimicaverit.

287 1144 350 1206 5.
394 1142 585 1207 Huic
616 1141 881 1208 Marcia
913 1142 1178 1223 generis
1207 1141 1524 1220 libertini,
1553 1141 1771 1207 forma
1800 1149 2022 1207 tamen
2052 1142 2485 1210 meretriciis-

288 1265 422 1328 que
453 1246 709 1311 artibus
741 1245 1026 1328 pollenS,
1056 1264 1206 1309 cum
1240 1245 1532 1309 animum
1580 1244 1725 1329 ejus
1755 1246 2016 1330 penitus
2046 1245 2487 1322 devinxisset,

288 1367 557 1429 egresso
587 1367 626 1412 e
656 1348 897 1412 balneo
922 1346 1162 1413 veneni
1192 1348 1508 1432 poculum
1535 1348 1794 1413 obtulit.
1881 1349 1947 1412 6.
1979 1347 2091 1415 Ad
2116 1353 2490 1413 extremum

289 1450 374 1514 ab
424 1449 729 1513 immisso
774 1446 1200 1514 validissimo
1246 1448 1658 1532 palaestrita‘
1718 1449 2120 1532 compressis
2175 1448 2492 1514 faucibus

293 1553 656 1637 expiravit,
690 1570 869 1616 anno
903 1554 1061 1616 vitae
1090 1551 1433 1616 tricesimo
1463 1549 1790 1615 secundo.

1210 1680 1544 1701 metuet
1547 1681 1577 1699 0

863 430 866 434 .
944 386 1312 438 ΕΡΙΤΟΜΕ..
1370 384 1798 434 0A9.xvl11.

285 1780 413 1829 pne,
431 1781 492 1816 ne
512 1767 741 1828 spondeat
763 1763 881 1815 Ald.
920 1765 1189 1816 Praeterea
1209 1764 1526 1814 Veronensis
1546 1764 1607 1813 ab
1636 1764 1857 1813 incolumi
1888 1765 1962 1813 vis
1981 1763 2231 1826 paulatim.
2299 1762 2496 1825 ‘·Supe

290 1833 389 1879 rius
410 1830 538 1881 vires
562 1833 744 1879 aberat
768 1845 797 1879 a
825 1830 968 1879 Leid-
991 1833 1037 1880 1.
1060 1831 1147 1893 qui
1174 1844 1289 1879 curn
1313 1828 1491 1880 Guelf.
1511 1831 1835 1892 responderat.
1901 1830 2030 1878 Mox
2055 1834 2168 1877 erat
2193 1831 2245 1876 in
2269 1827 2441 1890 editis,
2464 1843 2497 1877 a

289 1902 470 1945 mortum
519 1894 682 1958 [vero]
702 1896 844 1951 nihil,
879 1896 968 2008 l[lut
998 1895 1200 1945 Schott.
1235 1895 1430 1944 Gaesb.
1471 1895 1660 1959 Delph.
1698 1892 1912 1954 Pitisc·]
1948 1901 2129 1944 contra
2164 1892 2321 1943 fidem
2356 1893 2498 1944 codi-

292 1959 443 2012 cum?
475 1961 757 2011 Arata—6
791 1959 855 2008 In
916 1975 978 2009 ne
1000 1961 1290 2023 secundoque
1306 1958 1431 2009 Διὰ.

1286 2071 1506 2122 NOTAE

290 2168 386 2231 sitg
420 2176 609 2234 petens
630 2175 802 2217 tamen
823 2174 880 2217 ut
899 2174 1209 2234 expectaret
1231 2182 1357 2230 psu-
1435 2154 1705 2230 subjungit
1736 2165 2018 2230 capitolin.
2058 2167 2074 2195 ‘
2100 2166 2303 2216 Deinde
2340 2165 2500 2216 absti-

292 2260 378 2295 cos
393 2247 526 2308 dies,
538 2251 599 2294 ut
619 2244 768 2294 simul
785 2242 1234 2309 proficisceretur)
1255 2243 1358 2293 Qui
1437 2243 1554 2293 nuit
1571 2243 1689 2293 cibo
1707 2251 1955 2308 potuque,
1973 2246 2103 2294 mori
2120 2245 2355 2310 cupienS,
2374 2260 2501 2295 aux·

292 2323 433 2372 locus
469 2324 512 2371 si
552 2320 825 2386 quisquam
862 2320 1013 2381 alius,
1042 2320 1226 2383 planus
1249 2325 1361 2381 est;
1438 2321 1584 2385 itque
1605 2318 1880 2368 moi-bum.⁹

291 2411 405 2447 eum
419 2405 597 2448 tamen
614 2396 711 2444 viri
728 2395 1017 2445 doctissimi
1032 2394 1359 2459 corruptissi-
1502 2393 1528 2428 ἃ
1568 2394 1635 2443 Ut
1672 2395 1984 2457 gladiatoriis
2030 2395 2178 2445 armis
2217 2389 2502 2460 soepissime]

292 2488 428 2524 mum
465 2481 525 2525 et
560 2470 917 2522 difficillimum
941 2470 1193 2522 clamant:
1243 2484 1359 2520 cum
1443 2471 1707 2535 Lamprid.
1739 2473 1790 2519 in
1822 2471 2142 2525 Commodo:
2176 2475 2193 2503 ⁸
2219 2474 2369 2524 Inter
2390 2476 2504 2523 lraec

292 2550 580 2616 respondet
602 2549 911 2600 Commodus
941 2562 1137 2612 cupere
1165 2563 1222 2598 se
1257 2548 1360 2612 pri-

294 2643 430 2678 mum
454 2629 752 2687 sanitatem,
776 2625 900 2690 quid
926 2625 1065 2674 aliud
1097 2626 1173 2675 ait
1207 2639 1362 2690 quam

294 2703 431 2766 quod
465 2702 554 2752 hic
585 2700 921 2763 Epitomists,
942 2700 1113 2748 omnia
1133 2700 1199 2748 sb
1220 2701 1362 2749 inco-

292 2778 418 2827 lumi
439 2778 677 2842 quamvis
702 2775 950 2838 paulatim
975 2775 1153 2837 perfici
1190 2789 1362 2839 posse,

288 2869 328 2904 a
360 2861 568 2904 mortuo
603 2853 764 2901 nibil?
830 2853 906 2902 Ut
935 2852 1092 2901 vellet
1126 2852 1366 2915 permisit

293 2931 541 2989 Marcus3
569 2936 753 2992 petens
772 2934 948 2978 tamen
966 2937 1026 2979 ut
1047 2942 1234 2993 paucos
1252 2926 1365 2977 dies

287 3012 627 3070 expectaret,
670 3012 730 3054 ut
783 3004 895 3069 ipse
949 3004 1159 3053 Marcus
1209 3004 1365 3053 simul

294 3082 758 3145 proficisceretur:
804 3093 905 3128 non
945 3079 1081 3144 quod
1119 3093 1176 3128 se
1212 3078 1362 3128 simul

297 3171 414 3208 cum
436 3155 721 3209 Commodo
756 3156 974 3204 Romam
1007 3154 1364 3219 profecturum

290 3235 512 3285 Marcus
545 3239 818 3296 spen-areu
854 3233 946 3283 sed
981 3248 1097 3283 cum
1136 3236 1237 3296 ait,
1263 3235 1279 3262 ‘
1304 3240 1364 3284 ut

295 3311 444 3360 simul
493 3307 946 3371 proficisceretur,'
982 3310 1051 3359 de
1091 3310 1200 3360 vita
1245 3324 1363 3361 eum

296 3385 619 3436 intellexisse
635 3391 832 3433 certum
851 3392 950 3435 est.
990 3385 1225 3436 Probant
1246 3402 1362 3451 quse

1440 2546 1667 2597 refertur
1682 2548 1736 2596 in
1758 2548 1938 2597 literas
1963 2562 2220 2612 pugnasse
2244 2551 2384 2599 illum
2407 2549 2503 2599 sub

1443 2631 1597 2686 patre
1627 2625 1913 2673 trecenties
1941 2625 2180 2688 sexagies
2209 2626 2530 2695 quinquies.⁸

1432 2696 1578 2749 {tem
1602 2706 1786 2763 postea
1808 2708 2011 2749 tantum
2032 2703 2317 2765 palmarum
2341 2701 2506 2767 gladi·

1442 2778 1720 2827 storiarum
1760 2775 2061 2834 confecisse.
2087 2779 2170 2827 vel
2194 2779 2346 2829 victis
2383 2779 2504 2829 reti-

1444 2855 1566 2904 ariis
1602 2855 1686 2903 vel
1720 2853 1921 2909 occisis,
1962 2862 2020 2904 ut
2053 2854 2197 2905 mille
2234 2857 2508 2920 continge·

1443 2928 1601 2980 rent.'

1508 3015 1533 3041 e
1573 3006 1876 3058 Validissimae
1903 3006 2193 3069 palestrita]
2225 3007 2355 3056 Vide
2386 3004 2506 3072 qnae

1443 3098 1604 3147 supra
1624 3085 1676 3133 in
1702 3084 1993 3133 Caesaribus
2022 3082 2163 3132 dicta
2199 3088 2332 3132 sunt.
2398 3083 2509 3132 He·

1445 3161 1691 3210 rodimus
1712 3160 1893 3209 scribit
1907 3159 2261 3221 Commodum,
2279 3161 2509 3210 immisso

1444 3234 1697 3284 Narcisso
1732 3232 1956 3298 quodam
1992 3240 2221 3283 strenuo
2234 3240 2288 3284 et
2320 3235 2508 3285 audaci

1446 3309 1798 3367 adolescente,
1843 3311 1896 3359 in
1940 3308 2177 3405 cubiculo
2217 3312 2511 3375 strangula-

1447 3392 1576 3434 tum.

943 3779 949 3785 ³
1126 3700 1337 3769 cAP.
1396 3700 1693 3768 xv111.

949 3837 1018 3886 P.
1064 3837 1404 3887 HELVIUS
1455 3836 1884 3885 PERTINAX.

387 3940 457 4004 1.
503 3939 862 4013 HEnvrus
892 3936 1316 4017 PERTmAx
1345 3939 1700 4023 imperavit
1746 3938 1897 4003 dies
1943 3936 2282 4018 octoginta
2324 3932 2510 4016 quin-

305 4062 458 4127 que.
463 4050 490 4078 ⁸
579 4042 725 4108 Isto
756 4039 1083 4106 coactusb
1130 4060 1646 4151 repugnansque
1691 4040 2049 4124 imperium
2100 4034 2513 4118 suscipienS,

1228 4171 1319 4192 ‘O‘
1321 4171 1598 4192 ‘Gomon

371 4255 510 4323 GAP·
542 4239 713 4307 xvnt.
779 4257 805 4303 l
844 4255 937 4306 Ille
977 4259 1166 4306 coactas
1208 4256 1402 4323 Delph.
1459 4259 1650 4327 coactas
1707 4252 2006 4316 [imperavit]
2064 4250 2265 4301 Schott.
2320 4246 2517 4296 Gaesi).
