3023 4942
805 408 902 456 nn
953 408 1200 456 snxro
1252 408 1599 458 Aunssmo
1653 409 2007 457 vrcroan.
2444 393 2532 461 19

323 551 641 618 Secundo
680 552 1006 636 probatur
1048 573 1092 618 a
1135 552 1286 637 pari
1331 555 1401 618 in
1447 575 1687 636 genere
1732 554 1968 620 eodem
2008 555 2342 621 scribendi
2385 557 2537 622 dili·-

323 656 559 735 gentia.
653 652 955 721 Asconio
1005 655 1179 719 enim
1234 644 1632 722 consuetum
1686 656 1812 722 fuit
1859 659 2278 740 antiquitatis
2328 660 2533 724 histo-

322 757 482 821 riam
545 757 946 838 perscrutari
1005 758 1456 839 potissimum,
1518 760 1616 824 uti
1666 778 1757 824 ex
1808 759 1959 845 ejus
2012 761 2081 823 in
2136 760 2535 826 Ciceronem
2612 812 2616 817 .

322 859 710 941 fragmentis
771 867 1066 925 constat.
1184 860 1266 925 In
1320 861 1478 926 aliis
1534 863 1683 944 ejus
1735 862 1925 927 libris
1978 863 2300 946 generalis
2345 883 2534 947 argu-

321 962 524 1026 menti
574 960 1015 1044 particulares
1062 964 1672 1028 commentationes
1715 963 2087 1029 historicas
2131 964 2538 1030 discutiendi

323 1063 786 1147 tractandique
837 1064 1161 1146 persimili
1214 1085 1368 1129 cum
1416 1067 1592 1131 libro
1633 1074 1870 1131 nostro
1919 1068 2403 1132 consuetudine
2450 1088 2538 1133 ac

322 1167 705 1250 diligenda:
751 1185 988 1251 neque*
1009 1168 1271 1241 leviter,
1303 1168 1421 1231 sed
1466 1170 1792 1253 expensis
1822 1170 2029 1233 variis
2062 1177 2420 1235 auctorum
2450 1171 2537 1235 de

319 1271 424 1347 iis,
466 1279 544 1334 ut
579 1267 690 1333 his
731 1269 1109 1334 sententiis.
1199 1269 1418 1355 Cujus
1456 1272 1881 1354 antiquitatis
1919 1271 2043 1337 fuit
2083 1275 2384 1337 omnium
2426 1275 2537 1339 sui

320 1372 645 1455 temporis
674 1377 744 1435 et
772 1370 1206 1437 doctissimus
1235 1381 1304 1438 et
1342 1374 1939 1456 diligentissimus:
1985 1375 2082 1438 ita
2123 1383 2201 1439 ut
2227 1375 2384 1439 loca
2415 1376 2536 1440 ob-

318 1495 519 1540 scura
566 1479 841 1558 propter
881 1474 1316 1556 ignorantiam
1349 1477 1779 1560 antiquitatis
1811 1478 2123 1541 abstrusa
2150 1475 2539 1542 difficillima

268 1656 272 1661 ,
318 1578 711 1661 explicaret.
801 1575 884 1640 Id
927 1578 1101 1640 enim
1131 1577 1357 1661 ipsius
1386 1587 1494 1642 est
1528 1580 1968 1663 praecipuum,
1999 1599 2241 1662 nempe
2270 1599 2540 1644 summa

317 1676 665 1761 diligentia
709 1699 796 1743 ex
837 1680 1045 1744 variis
1087 1683 1478 1745 auctoribus
1517 1681 1900 1746 reconditas
1938 1682 2264 1746 historias
2309 1702 2539 1747 eruere

319 1781 752 1864 intelligendo
799 1781 1135 1857 Ciceroni,
1166 1784 1347 1865 quod
1393 1802 1485 1848 ex
1529 1789 1713 1867 parte
1740 1785 1810 1847 in
1841 1783 2135 1866 Virgilio
2171 1782 2433 1858 fecisse,
2463 1792 2541 1849 nt

319 1882 385 1948 in
433 1883 775 1949 Cicerone
822 1904 912 1948 ex
955 1883 1083 1949 hoc
1124 1886 1467 1968 superiore
1506 1885 1692 1963 loco,
1726 1905 1862 1969 quo
1898 1887 2082 1950 clara
2119 1885 2372 1951 faceret
2400 1885 2540 1952 duo

320 1984 582 2051 Latinae
631 1987 881 2068 linguae
936 1986 1211 2065 lumina,
1267 1987 1719 2067 credendum3
1773 1987 2091 2053 indicatis
2140 1988 2213 2051 in
2264 1989 2352 2052 iis
2399 1988 2540 2052 illis

319 2087 646 2168 historiis,
674 2109 835 2173 quae
862 2090 1221 2171 incognitae
1258 2089 1417 2154 illos
1447 2090 1791 2172 aliquibus
1821 2089 1996 2154 locis
2024 2088 2382 2154 redderent
2409 2110 2541 2154 non

320 2190 728 2268 intellectos,
781 2192 919 2255 imo
972 2192 1331 2275 impeditos
1380 2198 1481 2257 tot
1523 2192 1751 2269 etiam,
1801 2201 1880 2256 ut
1926 2192 2231 2284 historiae
2282 2192 2541 2256 veritas

318 2293 749 2358 elucesceret.
838 2290 1067 2377 Atque
1108 2293 1205 2359 uti
1241 2295 1348 2358 his
1379 2299 1399 2327 ‘
1431 2291 2091 2366 commentationem'
2131 2312 2324 2357 suam
2352 2292 2543 2357 illam

318 2396 429 2460 ille
474 2397 808 2474 nominat,
840 2404 907 2460 et
951 2396 1077 2460 illa
1116 2398 1385 2481 quoque
1429 2398 1500 2460 in
1543 2395 1941 2460 Ciceronem
1981 2414 2107 2459 sua
2137 2402 2550 2459 commenta*

316 2500 438 2576 ria,
470 2500 630 2582 ipse
671 2505 693 2533 ‘
723 2498 1352 2564 commentationes'
1390 2499 1527 2585 (sic
1564 2501 1735 2564 enim
1777 2500 1848 2564 in
1889 2497 2177 2562 vetustis
2214 2496 2409 2562 libris
2446 2497 2552 2561 le-
2621 2515 2624 2520 ’

318 2600 531 2685 gitur)
582 2609 807 2668 vocat.
916 2602 1153 2667 Tertio
1203 2621 1342 2665 non
1394 2603 1611 2667 solum
1665 2601 2136 2685 antiquitatem-
2183 2600 2254 2663 i'n
2307 2600 2553 2682 specie·

321 2704 670 2770 enodandi
712 2705 1015 2769 studium
1054 2716 1124 2769 et
1171 2704 1618 2781 consuetudo,
1645 2701 2022 2769 Asconium
2060 2702 2268 2785 hujus
2306 2709 2555 2767 aucto--

321 2827 460 2872 rem
525 2825 679 2872 esse
726 2807 880 2872 libri
931 2808 1387 2886 verisimiliter
1429 2809 1672 2891 probat
1695 2827 1724 2887 ;
1777 2805 1909 2870 sed
1952 2807 2157 2870 etiam
2212 2825 2342 2888 par
2392 2804 2543 2886 ejus

324 2909 662 2974 scribendi
698 2929 853 2973 cum
892 2910 1021 2975 hoc
1063 2911 1232 2975 libro
1274 2910 1530 2992 styluS,
1550 2910 1613 2973 si
1653 2909 1808 2991 quis
1849 2908 2198 2991 diligenter
2241 2905 2544 2970 attende-

323 3011 429 3074 rit.
522 3011 935 3095 Quanquam
987 3032 1270 3078 necesse
1320 3020 1431 3076 est
1480 3009 2088 3075 dissimilitudinem
2136 3027 2288 3073 esse
2332 3027 2546 3093 quan-
2620 3038 2629 3048 ·

325 3111 480 3177 dam
535 3114 609 3178 in
661 3114 1002 3179 nonnullis
1047 3124 1322 3198 propter
1368 3115 1631 3196 generis
1683 3111 2016 3177 scribendi
2065 3111 2550 3176 diversitatem.

326 3214 510 3280 Nam
541 3216 609 3278 in
637 3214 1029 3298 fragmentis
1058 3218 1126 3281 in
1150 3216 1542 3281 Ciceronem
1573 3216 1782 3280 etiam
1811 3213 2317 3297 grammaticum
2348 3231 2544 3293 agere

326 3317 625 3398 cogitur:
670 3317 782 3382 hic
818 3337 980 3383 vero
1020 3319 1412 3383 historicum
1446 3318 1816 3401 praecipue,
1850 3316 2013 3399 quia
2041 3315 2223 3378 vitas
2253 3316 2544 3378 breviter

325 3435 413 3480 ex
460 3416 767 3500 professo
812 3419 1167 3495 describit„
1185 3440 1321 3484 non
1369 3427 1592 3483 autem
1638 3418 1932 3500 aliquem
1980 3424 2343 3494 auctorem,
2376 3420 2546 3497 puta

324 3516 595 3600 poetam
625 3521 735 3586 vel
763 3531 1090 3587 oratorem
1119 3523 1422 3606 exponit.
1511 3519 1652 3586 Sed
1679 3526 1901 3583 tamen
1934 3517 2375 3582 animadverti
2412 3516 2554 3581 hoc

325 3624 503 3692 libro
547 3625 896 3690 clausulas
941 3643 1093 3688 eum
1137 3643 1274 3688 non
1322 3630 1506 3687 recte
1555 3622 1849 3704 incipere
1893 3621 1979 3683 ab
2023 3619 2130 3683 his
2166 3617 2545 3701 particulis,

326 3732 350 3762 ‘
378 3735 454 3792 at
494 3724 705 3803 vero‚''
743 3735 765 3762 ‘
789 3725 1035 3808 igitur,'
1079 3725 1153 3791 id
1192 3723 1373 3809 quod
1412 3725 1482 3789 in
1525 3722 1920 3807 fragmentis
1964 3721 2103 3787 illis
2139 3740 2273 3786 non
2310 3721 2554 3786 obser--

328 3830 485 3896 vavi
513 3828 678 3906 fieri,
706 3828 842 3895 nisi
880 3827 1053 3894 illud
1098 3828 1432 3893 tribuatur
1456 3825 1763 3891 historiae
1799 3823 2067 3888 diverso
2106 3823 2367 3906 generi..
2444 3822 2547 3887 At

330 3939 508 3998 certe
551 3930 658 3996 uti
702 3931 934 3996 brevis
976 3930 1121 3995 illic
1163 3937 1293 4007 est,
1320 3935 1388 3994 et
1429 3929 1591 3994 nihil
1634 3927 1876 3992 inillis
1904 3925 2312 4008 fragmentis,
2342 3922 2415 3987 in
2442 3922 2542 3987 di-

331 4032 550 4099 cendo
595 4033 967 4113 redundat3
1017 4034 1117 4097 ita
1164 4033 1275 4097 hic
1321 4026 1595 4116 quoque
1640 4037 1710 4093 et
1751 4028 2066 4114 quaedam
2112 4027 2344 4103 verba,
2383 4043 2541 4106 quae

334 4131 801 4201 Ciceronianis
857 4137 1024 4201 sorte
1076 4154 1215 4200 non
1270 4134 1637 4219 placerent,
1691 4140 1768 4197 ut
1824 4131 1934 4195 hic
1999 4135 2284 4212 usurpat
2333 4128 2546 4192 veluti

334 4245 353 4272 ‘
374 4238 934 4316 neotericuS‚'&c.
970 4245 1179 4321 atque
1212 4233 1894 4326 quosdam'loquendi¹
1922 4231 2187 4303 modos,
2222 4231 2338 4313 qui
2370 4229 2541 4293 deli-
2658 4283 2664 4293 s
