3023 4942
486 395 621 462 3:34
1034 442 1039 446 -
1085 407 1317 458 sux'rr
1367 407 1691 455 suumn
1748 406 2103 455 vic'roms
2161 408 2170 429 ⁴

490 576 575 621 ac
637 554 951 621 nationes
1004 554 1665 637 Quinquegentanaev
1724 550 2011 634 graviter
2062 549 2482 635 quatiebant.
2592 550 2704 617 23.

488 656 735 723 Adhuc
764 655 951 739 apud
980 656 1262 740 AEgypti
1294 654 1808 731 Alexandriam,
1840 653 2187 718 Achilleus
2212 662 2238 702 ‘¹
2270 656 2544 719 nomine
2578 654 2700 718 do-

489 760 874 825 minationis
926 758 1218 840 insignia
1262 758 1585 821 induerat.
1694 756 1802 819 24.
1851 755 1988 821 His
2039 747 2123 820 de
2168 758 2397 822 causis
2442 757 2490 822 J
2496 757 2706 821 ulium

489 862 982 939 Constantium,
1026 860 1369 925 Galerium
1424 858 1952 932 Maximianum,
2004 859 2115 923 cui
2168 878 2538 941 cognomen
2574 857 2702 923 Ar-

489 967 818 1030 mentario
847 968 1010 1041 erat,
1039 972 1308 1031 creatos
1341 962 1676 1038 Caesares,
1706 962 1777 1025 in
1806 960 2194 1026 affinitatem
2238 967 2504 1025 vocant.
2591 961 2705 1026 25.

492 1067 690 1131 Prior
729 1066 1034 1130 Herculii
1081 1067 1502 1149 privignam,‘
1533 1063 1705 1128 alter
1748 1062 2189 1130 Diocletiano
2215 1064 2472 1127 editam
2504 1063 2704 1126 sorti-

492 1175 713 1246 untur,
737 1168 1041 1233 diremtis
1061 1168 1398 1251 prioribus
1423 1165 1755 1250 conjugiis
1784 1187 1802 1247 ;
1832 1169 1998 1231 utin
2020 1164 2600 1240 NeroneTiberio,
2621 1183 2703 1228 ac

491 1270 539 1335 J
547 1272 682 1336 ulia
710 1270 850 1334 filia
874 1271 1224 1352 Augustus
1246 1268 1586 1352 quondam
1608 1268 1909 1334 fecerat?
1993 1270 2103 1334 26.
2136 1269 2275 1333 His
2293 1288 2458 1332 sane
2492 1267 2704 1331 omni·
2731 1266 2738 1273 ’

492 1374 626 1437 bus
643 1372 981 1456 Illyricum
1000 1372 1222 1456 patria
1246 1369 1410 1443 fuit,2
1428 1373 1543 1455 qui
1560 1392 1941 1456 quanquam
1959 1373 2390 1438 humanitatis
2411 1378 2706 1455 parum‚'¹

493 1474 665 1539 ruris
696 1483 924 1565 tamen
955 1494 1039 1538 ac
1070 1474 1333 1539 militiae
1382 1474 1675 1539 miseriis
1713 1475 2002 1553 imbuti,¹
2046 1477 2218 1541 satis
2264 1475 2504 1560 optimi
2534 1474 2705 1558 reip.

493 1576 701 1642 fuere.
811 1578 921 1641 27.
987 1575 1219 1654 Quare
1274 1583 1565 1654 constat,
1614 1583 1889 1643 sanctos
1947 1579 2442 1662 prudentesque
2500 1595 2709 1642 sensu

495 1679 659 1742 mali
685 1679 1015 1761 promtius
1055 1679 1195 1742 fieri
1219 1685 1285 1757 ς’
1313 1684 1681 1761 contraque
1712 1686 2021 1763 expertes
2054 1700 2532 1758 aerumnarum,
2549 1680 2709 1743 dum

496 1782 742 1864 opibus
776 1781 916 1845 suis
947 1786 1268 1845 cunctos'
1296 1783 1666 1860 aestimant,
1694 1783 1921 1846 minus
1952 1784 2334 1848 consulere.¹
2407 1782 2519 1848 28.
2575 1780 2709 1846 Sed

497 1881 733 1948 horum
777 1881 1142 1973 concordia
1171 1884 1464 1953 maxime
1491 1884 1787 1964 edocuit,
1817 1884 2051 1950 virtuti
2091 1885 2450 1969 ingenium,
2479 1903 2710 1948 usum-

1419 2044 1792 2068 ueneueeee
1860 2053 1867 2062 ⁹

502 2160 711 2196 causam
735 2145 1021 2208 praebuerit
1053 2143 1261 2202 scribae,
1288 2159 1383 2195 cur
1417 2145 1636 2208 primam
1671 2153 1834 2199 totam
1860 2136 2168 2199 omitteret!
2206 2149 2542 2198 Graue—26
2574 2145 2713 2196 daris

505 2218 664 2263 tannen
686 2213 863 2262 aemil.
897 2212 1102 2262 Schott.
1124 2211 1321 2262 Gaesb.
1355 2211 1547 2277 Delph.
1590 2214 1778 2265 Pitisc.
1847 2215 2142 2279 Distinguit
2180 2215 2341 2264 etiam
2379 2214 2575 2277 Delph.
2608 2214 2713 2262 ita:

1500 2356 1724 2410 No'rAE

566 2462 593 2498 ι)
628 2452 1092 2520 Quinquegentanoe]
1140 2453 1571 2518 Quinquegenta·

503 2533 579 2597 ni,
614 2534 698 2583 vel
733 2532 1232 2596 Quinquegentiani,
1249 2531 1408 2581 iidem
1446 2539 1572 2582 sunt

505 2623 568 2658 ae
612 2609 1001 2671 Pentapolitaui
1053 2608 1108 2656 in
1159 2604 1366 2670 Libya=
1425 2621 1570 2671 soepe

504 2683 641 2734 euim
685 2685 825 2748 apud
865 2685 1110 2734 meliores
1149 2684 1391 2741 Graecos,
1427 2684 1574 2734 πόλις

501 2765 694 2821 gentem
747 2760 1026 2823 significat.
1112 2761 1373 2826 Exempla
1427 2761 1571 2828 apud

507 2836 792 2887 Homerum
816 2844 868 2888 P.

571 2921 599 2956 ¹1
630 2911 896 2978 Achilleus]
954 2913 1215 2974 Achillea·
1261 2916 1571 2980 Achilleum

509 2997 570 3040 ut
597 2989 814 3054 Ulisses,
837 2990 1093 3041 Ulisseus.
1119 2992 1312 3044 Horat.

534 3099 541 3107 „
572 3072 593 3112 .¹·
624 3066 774 3116 Prior
789 3066 1325 3133 Herculiiprivigmm]
1349 3071 1573 3134 Eutrop.

505 3142 522 3171 ⁴
542 3139 719 3207 Atque
754 3149 813 3192 nt
847 3157 937 3192 eos
972 3147 1128 3194 etiam
1163 3143 1417 3196 affinitate
1449 3160 1576 3196 con·
1604 3137 1622 3157 ⁸

501 3219 774 3282 jiiugeret,
787 3220 1127 3270 Constantius
1143 3222 1430 3286 privignam
1442 3222 1577 3272 Her·

511 3296 636 3345 eulii
648 3295 971 3347 Theodoram
991 3299 1295 3361 accepit‚ex
1311 3314 1414 3364 qua
1431 3306 1577 3362 post·

512 3386 577 3423 ea
613 3386 705 3422 sex
750 3373 942 3423 liberos
991 3374 1323 3424 Constantini
1381 3373 1582 3425 fratres

509 3448 729 3511 habuit3
775 3449 1021 3498 Galerius
1066 3448 1225 3498 tiliam
1263 3450 1582 3502 Diocletiani

511 3526 810 3576 Valeriam:
845 3526 1000 3575 ambo
1024 3540 1211 3575 uxores
1233 3541 1362 3591 quas
1381 3527 1577 3579 habue-

513 3609 634 3651 rant
661 3602 937 3665 tepudiare
962 3602 1257 3665 compulsi.’

580 3688 602 3714 ⁸
641 3680 893 3741 Augustus
932 3680 1162 3743 quondam
1192 3679 1409 3743 fecerat]
1475 3680 1580 3732 Qui

515 3756 781 3806 Tiberium
803 3756 1148 3820 Agrippinam
1193 3770 1411 3805 uxorem
1447 3771 1581 3820 prse-

517 3841 764 3894 gnantem
787 3832 1053 3882 dimittere
1068 3831 1314 3895 coegit&
1321 3833 1581 3896 aliamque

515 3908 674 3959 filiam
698 3924 838 3958 stiam
868 3908 1077 3958 ducere,
1113 3911 1330 3960 Sueton.
1355 3910 1582 3974 August.

518 4000 636 4049 cap.
659 3990 742 4035 63.
761 3980 938 4035 Tiber.
961 4000 1081 4048 cap.
1106 3990 1157 4036 7.

585 4063 603 4095 ⁸
633 4062 734 4111 His
762 4078 874 4112 sane
905 4062 1120 4113 omnibus
1142 4063 1393 4128 Illyricum
1420 4063 1587 4126 putria

505 4139 635 4203 suit]
679 4140 964 4201 Eutropius
983 4144 1175 4188 'tamen
1208 4140 1583 4190 Maximianum

521 4214 788 4264 Galerium
809 4215 860 4263 in
878 4216 1057 4274 Dacia,
1072 4215 1209 4266 haud
1233 4217 1386 4281 longe
1409 4230 1441 4265 a
1465 4216 1583 4267 Sar·

524 4288 660 4350 dica,
685 4297 861 4342 natum
885 4291 1035 4342 dicit.

1718 2464 1744 2492 ⁸¹
1775 2456 2113 2510 Humanitatis
2128 2457 2327 2522 parum]
2346 2455 2559 2522 ‘supple
2595 2455 2717 2505 ‘hs-

1650 2533 1853 2586 bnere.'

1715 2619 1744 2646 ¹
1778 2611 1933 2660 Ruris
1953 2609 2133 2675 [juris]
2156 2616 2315 2661 tamen
2336 2624 2393 2658 ae
2413 2608 2608 2659 militie
2627 2607 2719 2657 mi·

1650 2686 1792 2738 seriis
1811 2688 2006 2751 imbuti]
2031 2688 2178 2739 Juris
2196 2703 2258 2736 ac
2277 2686 2475 2736 militiae
2495 2685 2715 2734 miseriis

1653 2780 1743 2813 eos
1788 2764 2012 2814 imbutos
2051 2764 2200 2825 dicit,
2230 2761 2366 2828 quod
2401 2776 2466 2811 ex
2500 2759 2718 2826 Illyrico

1653 2846 1847 2903 essent,
1870 2854 2023 2904 quam
2057 2839 2255 2901 legibus
2290 2853 2351 2888 ac
2385 2835 2583 2887 militiis
2616 2835 2719 2884 Ro-

1652 2916 1818 2966 manis
1838 2921 2080 2966 vexatam
2113 2913 2275 2964 fuisse
2308 2913 2586 2963 verisimiie
2621 2917 2720 2961 est.

1654 2992 1960 3057 Sylburgius
1980 2993 2189 3057 legebat
2218 2990 2506 3041 ministeriis
2521 2989 2545 3050 ,⁴
2576 2990 2721 3055 quiesi

1655 3084 1746 3120 eos
1766 3070 1957 3119 Victor
1991 3068 2288 3132 reipublicae
2323 3067 2470 3116 dicat
2503 3064 2722 3130 profuis-

1659 3162 1735 3207 se,
1758 3145 1894 3209 quod
1918 3145 2053 3209 juris
2090 3159 2149 3195 ac
2172 3145 2371 3193 militiae
2396 3142 2522 3192 satis
2546 3148 2724 3191 esseut

1659 3223 1855 3285 periti;
1890 3221 1981 3273 sed
2004 3221 2180 3270 obstat
2204 3220 2339 3284 quod
2372 3218 2511 3270 infra
2534 3218 2723 3281 legitur

1659 3304 1675 3330 ⁸
1704 3306 1910 3349 sanctos
1966 3299 2354 3361 prudentesque
2400 3310 2553 3345 seusu
2597 3292 2721 3343 mali

1662 3376 1912 3439 promtius
1946 3373 2104 3423 fieri!
2169 3373 2315 3423 Nihil
2343 3374 2503 3437 igitur
2524 3377 2724 3421 mutuu-

1661 3450 1803 3501 dum.
1869 3451 1990 3500 Non
2031 3449 2309 3500 tacendum
2351 3456 2527 3499 tamen
2564 3461 2725 3513 qusu-

1660 3525 1779 3576 dam
1817 3526 2099 3576 editionem
2130 3526 2325 3575 habere
2358 3527 2488 3575 ruris
2512 3524 2725 3574 militia·-

1661 3618 1777 3668 que:
1809 3618 1926 3667 quae
1950 3617 2075 3652 vera
2097 3603 2258 3652 lectio
2280 3616 2395 3653 esse
2417 3609 2615 3665 potest.

1727 3685 1756 3721 Υ
1784 3679 1949 3743 Fieri]
2000 3677 2254 3727 Homines
2291 3678 2531 3735 scilicet3
2578 3680 2724 3717 611110·

1664 3756 1824 3805 tiores
1854 3762 1913 3805 et
1947 3754 2313 3819 prudentiores
2338 3752 2584 3805 evadunt,
2602 3743 2722 3792 (111111

1663 3831 1943 3880 adversam
2003 3828 2265 3879 fortunam
2341 3820 2684 3884 experiuntur
2708 3832 2724 3865 ³

1663 3907 1800 3972 quod
1826 3907 2001 3957 multis
2024 3906 2075 3951 in
2113 3900 2239 3952 locis
2273 3903 2507 3949 testatur
2526 3894 2728 3944 divinus

1665 3983 1942 4048 propbeta.
2519 4011 2523 4015 -

1726 4067 1747 4091 ¹
1781 4059 1918 4107 Dum
1947 4054 2111 4119 opibus
2142 4051 2240 4101 suis
2267 4047 2483 4111 cunctos]
2527 4045 2596 4096 Id
2629 4050 2729 4107 est,

1665 4135 1786 4183 dum
1822 4132 1954 4183 tanti
1991 4128 2193 4182 faciunt
2222 4126 2456 4175 homines
2480 4128 2727 4188 quantum

1665 4212 1909 4261 habeant.
1948 4208 2143 4258 Notum
2169 4202 2296 4253 iliud
2319 4200 2551 4264 Horatii,
2571 4198 2729 4251 ‘Quia

1666 4286 1804 4339 tanti
1828 4290 2078 4352 quantum
2100 4280 2311 4344 habeas,
2332 4277 2439 4329 sis?
