3023 4942
907 366 1005 413 DE
1050 363 1487 419 cassaremus
1529 367 1704 416 car.
1752 331 2011 416 xxvii.

1128 607 1340 675 CAP.
1379 609 1743 679 -XXVIL

1040 757 1501 809 ’GoRmANth
1550 761 1816 809 Nanos.

410 893 480 956 1.
528 891 964 977 ῙιεῡΕΜρυΕ
1014 913 1133 977 per
1174 893 1477 959 Africam
1528 894 1767 960 diebus
1815 895 2067 961 milites
2123 894 2533 964 Gordianum

322 991 655 1058 Gordiani
688 995 949 1072 filium?
979 997 1097 1078 qui
1133 995 1306 1059 forte
1337 998 1770 1061 contubernio
1804 998 2019 1084 patris
2060 1005 2532 1080 praetextatuS,

321 1113 407 1159 ac
436 1095 759 1179 deinceps
794 1097 1152 1179 praefectus
1185 1098 1504 1179 praetorio
1530 1095 1556 1134 ¹²
1595 1101 1923 1175 intererat,
1938 1101 2313 1181 Augustum
2347 1120 2537 1165 crea-

318 1214 521 1261 vere:
586 1217 808 1282 neque
852 1219 1016 1263 sane
1071 1200 1327 1263 sactum
1373 1201 1694 1264 nobilitas
1742 1208 2125 1284 aspernata.
2213 1201 2276 1265 2.
2325 1203 2533 1266 Deni-

320 1317 457 1385 que
491 1301 718 1365 accito
754 1321 862 1376 eo,
892 1302 1066 1365 inter
1110 1301 1412 1384 implana
1444 1295 1652 1365 Urbis
1684 1310 1892 1385 atque
1923 1304 2072 1383 ipso
2104 1302 2251 1366 sinu
2285 1311 2530 1384 praeto-

317 1399 438 1463 riae
464 1420 705 1465 manus
740 1403 888 1466 acie
919 1403 1164 1467 deletae
1184 1409 1208 1438 Β
1239 1421 1358 1484 per
1388 1398 1830 1484 gladiatorum
1862 1402 2180 1479 familiaS,
2214 1404 2529 1469 tironum-

312 1520 453 1584 que
485 1505 881 1569 exercitum.
970 1505 1038 1570 3.
1083 1504 1265 1568 Dum
1297 1504 1716 1570 haecRomae
1748 1510 2075 1587 geruntur,
2096 1504 2141 1568 J
2148 1506 2265 1569 ulii
2300 1505 2531 1570 Maxi-

314 1603 508 1682 mini,
543 1625 713 1687 quos
744 1605 915 1671 forte
947 1627 1031 1671 ea
1077 1613 1477 1691 tempestate
1505 1604 1847 1672 Thraciad
1890 1609 2246 1685 retinebat,
2279 1628 2525 1691 accep-

310 1704 426 1780 tis,
459 1726 619 1788 quae
649 1715 1022 1785 evenerant,
1053 1708 1324 1774 Italiam
1355 1729 1643 1793 propere
1686 1715 1941 1793 petunt.
2030 1712 2095 1774 4.
2143 1710 2282 1774 Eos
2314 1709 2527 1794 Pupi·

316 1824 493 1870 enus
528 1805 867 1890 Aquileiae
895 1812 1286 1877 obsidione⁶
1316 1812 1632 1888 confecit,
1652 1821 2017 1897 postquam
2035 1815 2273 1896 praelio
2305 1814 2527 1877 victos

310 1908 556 1998 reliqui
588 1912 913 1993 paulatim
947 1913 1391 1979 deseruerant.
1466 1917 1547 1979 x5.
1596 1915 1864 1979 Horum
1895 1917 2179 1999 imperio
2209 1916 2292 1979 ad
2339 1916 2524 1978 bien—

310 2007 546 2075 niumf
599 2032 724 2096 per
772 2013 1156 2098 hujusmodi
1201 2035 1423 2080 moras
1467 2024 1679 2081 annus
1729 2019 2080 2099 quaesitus.
2159 2018 2231 2083 ’6.
2278 2015 2523 2100 Neque

1243 2164 1307 2184 Ν
1312 2161 1620 2184 ΜΙΟΟΟΟΜ

375 2258 516 2308 Cu».
543 2272 733 2310 xxvir-
803 2266 829 2310 1
869 2260 950 2310 Ad
996 2263 1157 2311 verba
1196 2252 1356 2311 ⁴'Gon-d.
1398 2263 1555 2313 Gor-d.
1591 2257 1712 2311 vide
1744 2262 1895 2312 Nott.
1930 2263 2160 2312 Van—4
2201 2260 2388 2323 Aquieoe
2427 2275 2524 2324 pro

317 2321 557 2387 Aquileiae
579 2326 780 2377 Schott.
798 2327 997 2378 Gaesb.
1018 2328 1212 2392 Delph.
1234 2322 1424 2377 Pitisc.

1309 2455 1536 2509 No'rAE

1458 2552 1604 2602 diani
1618 2551 1944 2604 dictitantes.
1971 2550 2419 2601 Vide'Herodiau.
2434 2550 2524 2601 lib.

371 2560 396 2587 ⁸
432 2545 734 2603 Gordianum
761 2545 999 2605 Gordiani
1019 2554 1208 2621 filium]
1238 2549 1378 2606 'Gor'-

308 2617 493 2700 dianos
519 2629 645 2678 duos
667 2631 748 2680 hic
775 2638 978 2680 tantum
1008 2634 1260 2695 agnoscit,
1286 2647 1377 2695 pa-

308 2708 439 2754 trem
481 2711 540 2754 et
573 2704 770 2767 tilium3
802 2707 1230 2771 Gordianumque
1262 2708 1376 2757 *ter-

304 2773 746 2839 flumem-diano
772 2777 977 2832 scilicet
997 2798 1061 2831 ex
1084 2782 1192 2831 filia
1216 2798 1374 2846 nepo·

305 2861 431 2920 tem,
473 2859 863 2920 praetermittit:
900 2860 983 2908 vel
1028 2860 1200 2923 potius
1241 2859 1375 2908 Gor·

303 2929 444 2981 diani
468 2933 633 2982 filium
659 2934 805 2991 dicit,
829 2934 917 2999 qui
940 2934 1188 2984 Gordiani
1213 2941 1375 2999 nepos

303 3002 435 3069 fuit3
472 3009 740 3058 immemor
777 3011 978 3059 scilicet
1018 3010 1273 3061 Gordiani
1314 3009 1375 3059 fi·

305 3082 427 3132 lium
470 3099 574 3135 una
604 3085 724 3135 'cum
757 3093 907 3150 patre
930 3087 982 3135 in
1005 3084 1187 3137 Africa
1211 3083 1374 3135 fuisse

307 3161 560 3210 occisum.
625 3163 762 3212 Vide
786 3160 914 3211 iufra
938 3163 990 3211 iu
1016 3162 1246 3225 Epitom.

370 3234 394 3269 b
439 3238 515 3288 Ac
558 3238 777 3301 deinceps
824 3239 1078 3301 praesectus
1115 3236 1370 3301 proetorio]

305 3308 521 3362 Falsum
538 3321 619 3362 est
640 3313 958 3364 Gordianum
995 3314 1205 3363 tertium
1236 3326 1368 3376 prae-

304 3381 498 3436 fectum
535 3389 784 3452 praetorio
815 3387 993 3445 fuisse,
1026 3403 1195 3452 neque
1230 3388 1369 3438 euim

280 3457 400 3520 'per
441 3471 651 3513 aetatem
697 3471 933 3527 poterat3
989 3472 1044 3514 et
1085 3466 1368 3528 scriptores

304 3536 442 3587 uude
476 3540 587 3589 ha²c
611 3541 819 3602 Victor,
853 3542 927 3590 sic
960 3543 1129 3606 tangit
1155 3541 1367 3605 Capito·

303 3608 398 3661 lin.
471 3617 486 3642 ‘
528 3615 628 3664 His
677 3615 922 3678 accedit,'
964 3618 1153 3682 iuquit,
1208 3617 1224 3643 ‘
1265 3617 1367 3666 alia

302 3686 611 3752 scriptorum
642 3690 1021 3755 imperitia‘qui
1055 3690 1365 3755 praefectum

305 3766 533 3822 praetorii
557 3764 716 3815 fuisse
741 3766 1062 3815 Gordianum
1097 3769 1365 3831 parvulum

305 3836 503 3897 dicunt,
528 3843 888 3905 ignorantibus
917 3845 1091 3893 multis
1113 3845 1246 3893 collo
1268 3860 1363 3894 οω-

303 3924 373 3974 pe
391 3924 684 3981 vectum,ut
699 3919 946 3968 militibus
962 3919 1367 3972 ostenderetur.'

305 3986 469 4042 Immo
489 4001 544 4043 et
566 4009 684 4044 eum
713 3997 892 4059 etiam,
915 4011 1031 4046 cum
1054 3998 1233 4047 Caesar
1254 3994 1361 4047 fac·

308 4069 385 4114 tus
402 4078 502 4132 est,
515 4071 811 4135 impositum
829 4073 881 4121 iu
895 4073 1133 4122 humeros
1149 4087 1244 4136 per
1256 4088 1362 4123 me-

306 4138 434 4193 diam
460 4148 845 4198 multitudinem
876 4151 1070 4201 milites
1102 4147 1362 4208 ferebant,

305 4225 620 4275 ostentantes
644 4224 801 4288 plebi,
822 4239 885 4276 ac
907 4226 1209 4291 nepotulum
1227 4225 1362 4275 Gor·
1405 4276 1409 4281 .

1452 2631 1563 2679 “vu-
1597 2631 1752 2692 paulo
1777 2628 2098 2679 antefinetn.

1522 2713 1544 2739 ⁰
1564 2706 1784 2767 Denique
1804 2705 1955 2753 accito
1979 2720 2049 2765 eo,
2071 2704 2199 2755 inter
2217 2704 2425 2767 implam:
2441 2737 2454 2752 .
2473 2737 2485 2753 .
2508 2735 2524 2752 .

1455 2781 1558 2830 acie
1577 2778 1768 2842 deletoe]
1805 2781 1884 2829 De
1910 2781 2045 2830 bello
2070 2781 2313 2830 intestino
2343 2780 2426 2830 hic
2448 2780 2522 2830 lo-

1456 2856 1636 2919 quitur
1658 2857 1865 2919 Victor,
1887 2857 2021 2921 quod
2048 2864 2168 2920 post
2198 2856 2517 2905 Gordianum

1458 2933 1719 2982 Caesarem
1763 2931 1981 2993 factum,
2033 2934 2210 2981 Romae
2265 2934 2518 2996 agitatum

1454 3015 1556 3064 est,
1591 3007 1789 3056 duobus
1825 3008 2099 3057 Maximini
2130 3009 2396 3068 militibus,
2429 3009 2519 3070 qui

1455 3083 1701 3133 audiendi
1728 3084 2040 3133 curiosiores
2077 3084 2268 3132 curiam
2299 3083 2519 3146 ingressi

1455 3160 1576 3210 dum
1612 3168 1821 3209 senatus
1858 3159 2167 3216 habebatur,
2205 3162 2343 3208 ultra
2374 3174 2518 3209 aram

1454 3250 1661 3300 quicque
1700 3236 1954 3285 Victoriae
2011 3243 2433 3299 penetraverant,
2488 3250 2519 3284 a

1454 3314 1726 3363 Gallicano
1748 3320 1989 3361 senatore
2012 3311 2321 3362 interemti&
2380 3312 2514 3361 Vide

1452 3388 1740 3438 Herodian.
1763 3388 1855 3437 lib.
1871 3401 1974 3437 vn.
1998 3386 2051 3435 in
2074 3386 2193 3434 fine.

1451 3472 1453 3474 ’
1518 3465 1540 3500 ‘¹
1576 3464 1803 3529 Thracia]
1844 3463 2012 3511 Immo
2036 3462 2323 3510 Pannonia.

1515 3547 1538 3573 θ
1553 3542 1793 3605 Aquileioe
1817 3536 2058 3603 [Aquilae]
2074 3535 2334 3599 obsidione]
2352 3535 2516 3600 Aqui-

1440 3616 1569 3667 leia.
1589 3613 1595 3624 '
1614 3618 1902 3667 Herodian.
1916 3614 2310 3678 capitolin-&m
2357 3612 2515 3677 Aqui·

1447 3695 1549 3743 leia
1572 3695 1696 3744 urbs
1722 3707 1877 3756 supra
1898 3693 2150 3741 Venetos.

1511 3769 1535 3802 f
1561 3772 1753 3820 Horum
1787 3770 1983 3831 imperio
2020 3770 2083 3816 ad
2115 3766 2382 3829 biennium]
2417 3766 2514 3816 Ait

1408 3879 1413 3882 -
1439 3846 1667 3910 ‘imperio
1681 3844 2105 3900 Maximinorum,
2120 3858 2234 3891 cum
2249 3842 2513 3891 biennium

1448 3922 1704 3984 durasset,
1744 3936 1934 3970 aunum
1975 3922 2194 3969 alterum
2232 3918 2511 3968 accessisse

1445 4011 1543 4060 per
1575 3996 1868 4059 superiores
1905 3995 2175 4056 tumultus,
2211 4000 2265 4041 et
2299 4006 2466 4041 moras
2492 4007 2509 4041 a

1444 4072 1583 4136 quod
1619 4079 1675 4120 et
1705 4069 1867 4119 sensit
1891 4070 2113 4131 Eutrop.
2146 4068 2267 4115 dum
2298 4067 2511 4130 scripsit

1443 4163 1534 4198 eos
1562 4150 1848 4213 imperasse
1874 4148 2098 4195 triennio
2121 4154 2175 4193 et
2199 4144 2377 4206 paucis
2398 4144 2509 4191 die-

1443 4225 1559 4276 bus.
1606 4223 1708 4275 Sed
1731 4238 1761 4273 e
1784 4221 1938 4272 fastis
1962 4226 2170 4272 constat
2192 4220 2507 4269 Maximinos
