3023 4942
990 364 1349 415 zefrona.
1422 363 1591 430 aar.
1638 364 1920 421 xnvm.
2425 350 2557 416 451

351 510 707 580 beneficiis
754 510 992 576 ceteris
1041 528 1403 585 munerare,
1467 510 1849 594 praesertim
1871 535 1876 540 ¹
1895 527 2177 596 quorum
2234 528 2395 595 erga
2440 530 2515 575 se
2535 521 2557 561 1

351 617 458 683 vel
481 623 741 701 patrem
784 632 1028 698 aspero
1059 633 1224 679 casu
1253 613 1475 679 officia
1501 615 1923 697 probaverat.
2008 614 2117 679 10.
2149 612 2285 678 Illa
2311 617 2557 691 tamen,

353 721 597 804 quibus
631 717 965 802 Trajanus
992 737 1316 802 aspersus
1346 722 1492 797 est,⁸
1520 716 1953 783 vinolentiam
1983 717 2246 783 scilicet
2273 722 2342 781 et
2367 717 2558 801 cupi-

349 823 570 887 dinem
601 820 1078 905 triumphandi,
1108 840 1328 905 usque
1354 841 1438 886 eo
1469 820 1875 898 detestatuS,
1905 824 1980 886 ut
2022 819 2205 885 bella
2232 838 2372 883 non
2409 839 2564 883 mo-

351 926 545 1002 verit,
579 926 701 989 sed
731 924 1079 1000 invenerit,
1110 917 1667 1008 prohibueritque
1691 924 1837 1006 lege
1866 922 2233 988 ministeria
2258 921 2559 988 lasciva*

349 1028 847 1111 psaltriasqueu
899 1027 1582 1092 commessationibus
1615 1026 1959 1092 adhiberi:
2007 1032 2267 1092 tantum
2306 1025 2562 1109 pudori

352 1131 657 1195 tribuens
687 1137 755 1196 et
785 1129 1249 1209 continentiae,
1277 1136 1355 1194 ut
1407 1131 1969 1206 consobrinarum
2010 1128 2298 1213 nuptias·
2328 1135 2561 1194 vetue·
2609 1129 2616 1132 “

350 1234 460 1312 rit,
508 1238 829 1316 tanquam
875 1251 1202 1297 sororum.
1289 1232 1396 1296 11.
1458 1232 1731 1311 uteris,
1770 1233 1833 1298 si
1890 1232 2167 1297 nimium
2222 1230 2560 1320 perfectos

349 1338 898 1421 contemplemur,
943 1336 1374 1402 mediocriter
1419 1336 1700 1419 doctus;
1744 1356 1960 1421 sagax
1990 1337 2217 1421 plane,
2249 1336 2561 1401 multum-

352 1460 486 1523 que
514 1439 804 1523 diligens
835 1439 923 1505 ad
951 1439 1343 1505 noscenda*
1393 1439 1716 1524 maj0rum
1750 1448 1969 1523 gesta.
2064 1438 2171 1503 12.
2218 1436 2280 1502 E
2309 1437 2560 1521 quibus

351 1562 480 1607 non
525 1542 879 1608 desinebat
927 1542 1256 1621 execrari,
1310 1561 1596 1627 quorum
1633 1543 1822 1608 facta
1870 1542 2183 1626 superba,
2233 1539 2561 1617 crudelia,

348 1645 769 1731 libertatique
812 1645 1061 1711 infesta
1103 1647 1375 1729 legerat,
1423 1654 1505 1710 ut
1542 1645 1855 1723 Cinnam,
1902 1644 2220 1723 Marium,
2266 1643 2563 1728 Syllam-

354 1756 535 1832 que,y
572 1755 778 1833 atque
822 1750 1172 1815 universos
1218 1748 1729 1830 dominantium,
1759 1750 2104 1833 praecipue
2144 1754 2369 1813 tamen
2412 1764 2565 1828 per-

280 1925 283 1928 *
350 1848 525 1914 fidos
553 1859 622 1916 et
649 1852 972 1935 ingratos.
1060 1852 1169 1917 13.
1216 1850 1437 1917 Irasci
1469 1871 1630 1917 sane
1660 1853 1861 1916 rebus
1887 1849 2199 1932 indigniS,
2231 1846 2357 1911 sed
2380 1846 2564 1912 flecti

351 1953 521 2015 cito:
567 1953 740 2018 unde
767 1955 1039 2019 modica
1058 1954 1382 2020 dilatione
1407 1953 1919 2018 emolliebantur
1937 1948 2304 2035 aliquando
2326 1967 2566 2013 severa

349 2059 718 2138 praecepta.
805 2057 917 2120 14.
962 2056 1359 2141 Habuitque
1388 2076 1431 2120 a
1459 2055 1700 2121 natura
1726 2060 2045 2130 munere?
2074 2050 2260 2138 quod
2287 2050 2564 2133 Augus⁴

1278 2205 1332 2225 ‘O
1335 2204 1422 2225 ‘00
1425 2203 1640 2225 tomo&

348 2285 506 2334 finem
528 2283 592 2335 r&
611 2286 688 2334 vel
705 2290 891 2347 patrem
912 2298 1013 2333 non
1031 2293 1334 2347 comparent
1355 2288 1407 2337 in
1429 2284 1635 2335 Schott.
1651 2281 2056 2345 Gaesb0Delph.
2075 2280 2260 2331 Pitisc.
2307 2279 2565 2342 Stephani

351 2350 436 2399 ed.
461 2351 608 2413 prob.
628 2350 871 2412 Sylburg.
898 2350 1028 2412 legit
1048 2353 1178 2400 velut
1193 2358 1401 2414 patrem.
1434 2353 1450 2378 ‘
1473 2351 1563 2402 Vel
1579 2356 1767 2414 patrem
1782 2358 1838 2398 et
1858 2348 2045 2398 seilicet
2065 2347 2211 2410 [post
2231 2345 2565 2409 vinolentiam]

352 2415 593 2464 similiter
615 2415 885 2464 interserit
910 2414 1092 2464 Guelf.
1116 2417 1261 2465 Leid.
1283 2420 1332 2466 1.
1368 2416 1532 2465 Aldus
1555 2424 1610 2465 et
1633 2414 1903 2480 Gryphius
1925 2429 1937 2460 ε
1974 2411 2065 2461 aed
2090 2412 2180 2460 ille
2203 2412 2333 2459 velut
2353 2416 2565 2474 patrum,

350 2481 434 2530 hic
454 2483 581 2530 velut
599 2486 802 2543 patrem.
870 2481 1112 2546 Denique
1144 2496 1247 2531 non
1286 2482 1551 2545 munerari,
1582 2480 1675 2530 sed
1708 2495 1955 2530 munerare
1974 2476 2123 2528 Mas-³
2157 2477 2465 2527 Arnim—10
2496 2475 2565 2524 Τὸ

349 2546 536 2596 scilicet
559 2545 707 2595 abest
739 2547 941 2596 Schott.
970 2546 1167 2596 Gaesb.
1197 2547 1390 2610 Delph.
1426 2547 1616 2596 Pitisc.
1650 2548 1739 2608 qui
1761 2560 1881 2595 mox
1905 2545 2088 2606 legunt
2120 2542 2384 2591 detestatus
2412 2539 2569 2603 [esd.-

346 2610 404 2658 τὸ
423 2617 495 2660 est
513 2610 677 2661 babet
700 2609 824 2660 Am.
847 2612 960 2660 aine
982 2612 1145 2662 uncia.
1209 2613 1342 2662 Tum
1364 2611 1648 2661 inminuerit
1672 2624 1767 2674 pro
1785 2609 2023 2660 invenerit
2046 2607 2196 2656 Leid.
2221 2610 2270 2656 2.
2326 2607 2390 2656 ln
2414 2620 2566 2669 seqq.

350 2676 546 2725 lascivia
589 2677 934 2739 psalteria-sque
967 2676 1092 2728 ΑΜ.
1160 2677 1432 2734 Praeterea
1471 2682 1700 2740 tanquam
1734 2689 1924 2725 reorum
1964 2681 2073 2723 tres
2113 2671 2243 2723 editi
2279 2678 2336 2720 et
2373 2668 2567 2719 Am.—

352 2745 409 2789 11
447 2742 665 2790 Multum
687 2743 924 2803 perfectos
938 2742 1139 2792 Schott.
1168 2742 1368 2793 Gaesb.
1389 2743 1586 2804 Delpb.
1609 2741 1797 2791 Pitisc.
1816 2741 1980 2805 quiet
1999 2736 2099 2788 inf.
2118 2739 2303 2800 legunt
2326 2737 2391 2784 ad
2428 2734 2567 2799 [cog]

347 2808 601 2856 noscenda.
628 2806 726 2856 tSi
753 2807 952 2856 nimium
982 2808 1216 2869 perfectos
1247 2809 1379 2857 Mss.
1406 2815 1462 2855 et
1492 2807 1813 2857 Veronensis
1851 2805 2097 2867 optimus,
2132 2809 2189 2853 et
2221 2815 2405 2850 morum
2424 2805 2568 2862 gesta

352 2872 548 2934 vulgati
570 2872 803 2935 aliquot:
839 2873 964 2920 nihil
995 2872 1236 2922 demntoz
1274 2882 1330 2924 et
1366 2887 1487 2922 mox
1513 2871 1668 2921 iidem
1693 2870 1910 2921 execrari
1929 2875 2140 2919 velerum
2167 2867 2311 2927 saeta
2342 2865 2567 2928 superba,

351 2937 577 2998 crudelia,
604 2937 818 2987 libertati
837 2939 1013 2997 infesta
1033 2954 1139 3001 quae
1159 2939 1374 2999 legerat:
1405 2953 1463 2987 ae
1481 2939 1707 2998 Cinnam,
1740 2936 1979 2995 Marium,
2002 2933 2291 2995 Sullamque.
2355 2931 2484 2979 Mss.
2507 2932 2571 2979 li-

350 3000 617 3064 bertatique
635 3002 816 3061 infesta
851 3005 1054 3064 legerat.
1119 3004 1253 3052 Mss.
1290 3011 1467 3053 tamen
1502 3002 1677 3052 Sillam
1710 3002 1792 3050 bie
1831 3015 1929 3062 per
1960 3000 1983 3048 i
2022 2993 2351 3060 praeferunt!
2377 2994 2565 3044 Schott.

348 3066 545 3113 Morum
572 3067 831 3117 Διὰ-12
862 3068 1104 3117 Libertati
1137 3067 1318 3128 infecta
1349 3069 1557 3118 Schott.
1582 3066 1779 3118 Gaesb.
1799 3065 2002 3127 Delph.
2025 3063 2210 3112 Pitisc.
2246 3058 2342 3119 ins.
2379 3061 2566 3119 legerat

356 3129 563 3176 Cinnam
584 3128 835 3180 Ald.—13
874 3132 1270 3182 Emolliebantur.
1324 3133 1601 3197 Aliquando
1616 3145 1778 3182 severa
1798 3133 2038 3192 proeeepta
2058 3126 2223 3191 habuit
2242 3126 2300 3173 de
2318 3122 2477 3182 Livio,
2492 3125 2570 3172 nel

349 3193 474 3254 quod
517 3193 644 3256 legit
687 3202 742 3242 et
785 3197 1064 3263 distinguit
1101 3197 1357 3253 Ald.-·-14
1414 3201 1620 3248 Natum
1662 3209 1854 3246 munere
1894 3195 2099 3244 Schott.
2132 3188 2331 3242 Gaesb.
2364 3188 2564 3253 Delpb.

1352 3327 1568 3381 No'rAE

413 3426 433 3451 r
462 3419 599 3480 Erga
626 3416 701 3480 ee]
724 3416 851 3466 Mss.
879 3426 937 3469 et
970 3423 1056 3473 ed.
1079 3424 1276 3475 Veron.
1299 3438 1418 3487 erga

343 3510 395 3545 ee
416 3496 490 3543 nel
507 3500 710 3557 patrem.
744 3492 879 3544 Inde
901 3505 1163 3559 corrupte,
1189 3509 1246 3551 ut
1269 3509 1419 3566 puto,

349 3575 489 3638 apud
503 3573 724 3625 Paulum
749 3575 974 3624 Diacon.
995 3576 1013 3604 ‘
1037 3579 1175 3642 Erga
1193 3595 1250 3631 se
1271 3583 1418 3631 velut

346 3657 549 3714 patrem
575 3651 609 3700 :'
654 3649 833 3702 forsan
867 3667 966 3717 pro
1006 3654 1145 3718 Erga
1167 3672 1219 3708 ae
1254 3660 1328 3708 vel
1360 3659 1416 3708 iu

340 3732 544 3790 patrem.
1344 3748 1345 3753 ¹

412 3811 431 3836 ⁸
467 3803 654 3860 Quibus
677 3804 911 3866 Traianus
924 3821 1142 3870 aspersus
1160 3805 1254 3871 eet]
1272 3809 1412 3862 Nam

347 3880 465 3930 cibo
487 3881 710 3947 vinoque
729 3881 942 3932 deditus
964 3882 1083 3932 fuit.
1129 3884 1294 3946 Supra
1318 3899 1415 3934 suo

346 3959 498 4019 loeo;
543 3956 612 4007 de
646 3959 998 4022 triumphandi
1028 3958 1274 4022 cupidine
1308 3974 1414 4024 qua

346 4035 602 4096 Trajanu'e
645 4034 950 4096 tenebatur,
996 4034 1117 4084 vide
1150 4034 1203 4083 in
1238 4036 1413 4084 Caena-⁵

346 4111 489 4160 ribus
512 4128 523 4157 ε
559 4119 574 4142 ⁸
595 4113 743 4161 Vires
767 4112 1026 4162 Romanas
1051 4119 1196 4161 trans
1221 4114 1414 4163 Istrum

343 4191 676 4251 propagavit.
743 4190 814 4238 Et
835 4188 900 4238 ad
924 4199 1095 4240 ortum
1117 4190 1238 4240 solis
1259 4206 1414 4242 cunc-

349 4270 418 4312 tae
460 4271 643 4327 gentes
677 4279 794 4329 quae
825 4266 965 4316 inter
1000 4265 1186 4316 Indum
1220 4274 1277 4318 et
1308 4268 1413 4317 Eu-

1497 3425 1735 3490 phratem
1755 3437 1933 3474 amnes
1955 3422 2181 3486 inclytos
2208 3426 2331 3468 sunt
2353 3430 2568 3466 concna-

1496 3516 1570 3553 ιω
1594 3501 1885 3565 bello,’&c.

1563 3582 1581 3614 t
1612 3579 1894 3630 Minister-ia
1914 3573 2116 3638 lasciva]
2150 3571 2436 3623 Minister-io
2467 3583 2565 3633 pro

1475 3655 1777 3722 ’‘ministris
1800 3655 1837 3717 ;'
1864 3661 1923 3704 ut
1944 3651 2085 3702 alibi.

1560 3741 1587 3768 ⁸
1638 3727 1992 3794 Psallriasque]
2040 3724 2136 3777 Uti
2176 3738 2266 3774 eaa
2300 3720 2566 3773 veteribus

1494 3809 1733 3859 adhiberi
1752 3819 1865 3858 mos
1887 3805 2007 3856 fuit.
2071 3802 2207 3852 Haec
2224 3807 2351 3850 nota
2370 3803 2511 3847 sunt.

1506 3942 1514 3951 ⁴
1558 3894 1587 3921 ¹
1618 3885 1703 3936 Aa
1748 3884 1985 3935 noscenda
2027 3873 2393 3944 [cognuscenda]
2443 3872 2564 3924 Lib.

1493 3969 1628 4013 vett.
1663 3963 1728 4012 ad
1761 3961 2024 4012 mmm.-
2059 3963 2116 4007 et
2148 3956 2227 4006 sic
2258 3952 2397 4018 apud
2422 3951 2564 4000 Pau·

1492 4040 1599 4089 lum
1630 4040 1946 4089 Diaconum.

1559 4124 1584 4160 v
1620 4116 1843 4171 Cinnam,
1878 4113 2113 4166 Marium,
2149 4104 2443 4174 Syllamque]
2475 4105 2565 4153 De

1493 4205 1711 4254 quorum
1737 4188 2052 4241 crudelitate
2076 4200 2138 4236 ac
2174 4182 2420 4248 superbia
2442 4179 2586 4251 videl

1494 4266 1721 4317 Florum.
