3023 4942
727 408 958 458 omoo
1005 408 1283 458 onnus
1330 409 1692 460 ROMANAE.
1772 409 1939 462 cu.
1969 412 2100 463 xv·
2444 399 2537 467 65

322 553 562 639 praelia
610 553 946 638 cupiditas
995 556 1272 634 inesset,
1327 557 1763 622 nihilominus
1820 558 1888 621 in
1910 564 1918 572 '
1943 557 2067 622 illa
2116 562 2532 643 tempestatis

322 658 572 721 subitae
621 656 1027 722 confusione
1073 659 1516 743 interceptum
1562 660 1854 724 AEneam
1901 679 2236 744 nusquam
2286 662 2534 728 deinde

320 760 801 842 comparuisse.
888 760 956 824 3.
999 760 1320 826 Traditur
1348 771 1575 827 autem
1604 782 1738 826 non
1768 761 2104 845 proviso‚¹‘
2152 764 2335 847 quod
2359 786 2535 848 »pro-

320 863 622 945 pinquus
652 861 912 925 flumini
942 869 1144 938 esset,
1173 864 1327 945 ripa
1357 864 1703 947 depulsuS,
1735 864 2007 945 sortexin
2036 864 2315 929 fluvium
2347 866 2534 932 deci-

321 964 528 1039 disse,
587 970 790 1045 atque
851 962 952 1028 ita
1013 966 1327 1048 praelium
1381 965 1778 1046 diremtum3
1838 964 1993 1028 dein
2052 972 2211 1048 post
2271 971 2528 1052 apertis

319 1061 728 1147 fugatisque¹
762 1066 1051 1129 nubibus
1081 1086 1237 1130 cum
1266 1086 1499 1131 serena
1528 1068 1745 1132 facies
1779 1067 2163 1144 effulsisset,
2204 1070 2531 1136 creditum

321 1174 452 1243 est,
498 1168 722 1230 vivum
759 1186 915 1230 eum
945 1169 1120 1233 coelo
1152 1177 1551 1233 assumtum.
1638 1172 1705 1232 4.
1752 1168 2079 1252 Idemque
2109 1174 2533 1255 tamen‘post

319 1270 406 1334 ab
438 1267 768 1347 Ascanio,
810 1274 878 1330 et
913 1270 1313 1353 quibusdam
1343 1271 1497 1334 aliis
1533 1271 1722 1334 visus
1760 1270 2117 1336 affirmatur
2147 1293 2351 1356 super
2382 1275 2529 1340 Nu-

314 1371 478 1435 mici
524 1370 765 1452 ripam,
813 1390 896 1434 eo
942 1370 1180 1437 habitu
1226 1373 1582 1455 armisque,
1622 1373 1870 1456 quibus
1909 1374 1976 1437 in
2017 1376 2322 1457 praelium
2368 1398 2527 1461 pro-

318 1480 663 1537 cesserat:
707 1492 862 1555 quae
891 1492 995 1536 res
1020 1475 1541 1541 immortalitatis
1585 1474 1732 1558 ejus
1772 1475 2024 1540 famam
2069 1478 2528 1545 confirmavit:

314 1577 547 1658 itaque
585 1574 685 1638 illi
724 1594 807 1638 eo
836 1575 991 1639 loco
1022 1577 1345 1660 templum
1377 1584 1843 1641 consecratum
1884 1579 2352 1662 appellarique
2382 1581 2532 1663 pla-

316 1677 458 1741 cuit
509 1676 820 1741 ‘Patrem
873 1677 1340 1760 indigetem.'¹¹¹
1412 1683 1475 1742 5.
1535 1680 1716 1743 Dein
1744 1679 1928 1744 filius
1972 1681 2120 1765 ejus
2165 1679 2527 1761 Ascanius,

314 1777 496 1843 idem
561 1780 675 1862 qui
734 1778 1048 1864 Euryleo,
1086 1782 1399 1855 'omnium
1458 1781 1852 1847 Latinorum
1899 1781 2161 1865 judicio
2219 1803 2345 1848 rex
2404 1805 2530 1869 ap-

316 1881 637 1963 pellatus.
2261 1918 2266 1921 ·

1201 2254 1413 2320 CAP.
1473 2253 1650 2323 XV.

314 2431 747 2482 Anconem-um.
815 2430 1106 2481 Mezentius
1148 2445 1180 2480 a
1215 2430 1416 2481 Latinis
1453 2428 1681 2493 fugatus,
1716 2428 1888 2478 Lauso
1924 2426 2035 2480 filio
2067 2427 2180 2492 ejus
2219 2424 2525 2480 interfecto.

380 2514 512 2564 Cum
546 2512 815 2562 Mezentio
852 2512 972 2561 dein
997 2512 1218 2561 societas
1241 2512 1391 2562 inita.
1457 2510 1672 2559 Ascanii
1704 2509 1917 2573 insignis
1950 2511 2145 2559 virtus:
2181 2510 2318 2558 unde
2352 2509 2529 2574 Iobus,

379 2604 437 2643 et
459 2603 646 2658 postea
668 2592 813 2642 Iulus
836 2594 1149 2657 appellatus-

399 2726 468 2789 1.
513 2724 795 2789 Iorrun
847 2744 1173 2789 summam
1228 2726 1492 2808 imperii
1536 2724 1931 2788 Latinorum
1978 2721 2263 2805 adeptus
2308 2721 2529 2787 Asca-

312 2829 515 2901 niuS,.
546 2846 695 2891 cum
749 2828 1086 2891 continuis
1134 2827 1384 2910 praeliis
1440 2827 1850 2892 Mezentium
1896 2825 2211 2908 persequi
2257 2825 2526 2889 institu-

314 2931 503 3005 isset,
542 2928 724 2994 filius
769 2930 916 3013 ejus
964 2928 1232 2992 Lausus
1276 2929 1523 2992 collem
1573 2917 1878 2992 Laviniae
1925 2927 2100 2991 arcis
2144 2927 2527 3009 occupavit.

311 3032 375 3095 2.
423 3030 729 3115 Cumque
769 3031 838 3094 id
888 3029 1215 3114 oppidum
1255 3029 1681 3094 circumfusis
1727 3029 2034 3092 omnibus
2080 3029 2299 3110 copiis
2344 3030 2524 3111 regis

1313 3191 1533 3248 NOTAE

311 3301 390 3343 est
416 3308 537 3342 num
567 3293 727 3342 etiam
760 3293 1004 3343 universos
1031 3295 1160 3344 inest
1191 3295 1376 3357 cupidi·
1456 3295 1677 3358 aliquem
1724 3293 1895 3342 locum
1934 3290 2133 3345 colunt,
2168 3289 2236 3339 ab
2271 3289 2389 3339 indu
2425 3290 2524 3341 hoc

312 3378 405 3428 tas,
429 3373 511 3433 ᾅτ.
536 3370 715 3420 dicere
747 3379 1050 3434 potuerunt.
1455 3380 1558 3433 est,
1577 3374 1650 3434 in,
1672 3376 1727 3420 et
1760 3384 1873 3432 ugo,
1898 3366 2052 3431 dego,
2083 3380 2283 3417 maneo.
2350 3365 2522 3433 quue

373 3446 402 3480 k
441 3447 550 3495 Non
584 3447 801 3511 proviso]
852 3447 1130 3497 Ablativus
1173 3448 1375 3499 absolu·
1457 3462 1636 3496 verum
1660 3452 1761 3497 est.
1829 3443 2016 3494 AEneas
2049 3443 2184 3492 enim
2218 3457 2321 3492 non
2356 3443 2521 3493 solum

311 3530 415 3585 tus,
440 3531 498 3573 ut
521 3537 683 3588 supra
714 3525 730 3551 ‘
750 3538 844 3588 per
872 3524 1184 3589 colloquium
1208 3526 1375 3590 inqui·
1456 3525 1473 3553 ‘
1492 3524 1655 3573 Pater
1676 3520 1917 3585 indiges‚’
1946 3519 2036 3569 sed
2062 3518 2228 3568 Pater
2263 3519 2407 3568 Deus
2443 3519 2524 3567 in-

309 3601 451 3650 sito?
1455 3600 1604 3662 diges
1626 3599 1821 3648 dictus·
1884 3593 2039 3648 Quod
2074 3593 2264 3658 probat
2295 3593 2356 3643 τὸ
2396 3594 2524 3644 indi-

373 3676 388 3710 ¹
417 3678 614 3740 Apertis
633 3679 941 3744 fugatisque]
975 3678 1205 3743 Apertis‚
1233 3680 1376 3744 quia,
1450 3691 1541 3738 ges
1562 3687 1677 3724 esse
1691 3672 2031 3735 adjectivum,
2053 3678 2106 3718 et
2122 3670 2382 3731 indigetem
2403 3685 2520 3720 esse

307 3752 429 3805 dum
454 3753 701 3816 fugantur
735 3756 920 3814 nubes,
942 3771 1019 3807 eae
1043 3759 1373 3823 quodammo-
1454 3752 1603 3816 quasi
1625 3752 1864 3799 incolam.
1929 3747 2105 3797 Quare
2124 3745 2406 3810 Dionysius
2430 3761 2521 3796 no·

312 3830 378 3879 do
401 3830 643 3881 videntur
666 3832 875 3894 aperiri.
1454 3842 1570 3876 men
1595 3826 1733 3876 istud
1758 3826 1931 3873 AEneae
1955 3822 2031 3870 ita
2053 3820 2243 3869 Graece
2264 3824 2520 3885 interpre-

372 3916 411 3941 m
445 3909 645 3958 Putrem
689 3911 974 3975 indigetem]
1024 3911 1187 3960 Solin.
1233 3911 1249 3940 ⁸
1271 3911 1372 3960 Pa·
1453 3910 1596 3954 tatus
1619 3907 1719 3964 est,
1750 3900 1907 3961 παΤὴΡ
1927 3896 2030 3947 θεῦς
2050 3894 2257 3957 Χθόνιον
2287 3905 2367 3947 ⁸⁸1
2391 3911 2519 3960 8¹3⁰

309 3984 506 4048 trisque
550 3984 792 4047 indigetis
835 3986 885 4034 ei
928 4000 1113 4035 nomen
1158 3986 1375 4037 datum!
1453 3982 1662 4043 indiges,
1703 3978 1907 4041 χθόνιος,
1958 3974 2224 4038 ἐπιχώριος»
2270 3975 2517 4036 indigena·

311 4060 601 4123 Indigetes,
624 4063 798 4123 quiex
819 4063 1110 4113 hominibus
1127 4064 1219 4112 Dii
1242 4062 1370 4113 faeti
1454 4057 1746 4121 Indigetes,
1782 4058 1875 4105 Dii
1911 4054 2068 4117 topici
2104 4064 2159 4101 et
2193 4054 2402 4114 locales,
2428 4053 2516 4116 qui

309 4145 429 4187 sunt
454 4138 520 4187 ab
542 4138 885 4201 indignando,
905 4139 1003 4188 hoc
1027 4146 1108 4189 est
1127 4141 1370 4189 invocun-
1455 4137 1519 4185 ad
1563 4137 1687 4185 alias
1730 4134 1964 4199 regiones
2011 4144 2270 4194 nunquam
2316 4138 2516 4179 transe-

310 4211 395 4274 do,
419 4213 556 4278 quod
591 4229 706 4262 cum
742 4214 932 4264 ceteris
963 4216 1083 4264 Diis
1124 4214 1372 4265 invocen-
1451 4223 1563 4264 unt.

312 4295 413 4341 tur.
481 4291 581 4340 Vel
603 4291 861 4354 indigetes
895 4299 1017 4342 sunt
1048 4292 1135 4357 qui
1170 4299 1370 4344 certum

439 4362 619 4437 Daph.
639 4378 687 4423 et
719 4373 835 4424 Vur.
860 4373 992 4423 Clus-
1277 4374 1443 4423 Aurel-
1472 4372 1600 4421 Vict.
2338 4368 2382 4416 Ε
