3023 4942
516 372 648 444 274

515 539 644 602 bus
684 536 1059 616 moritur3¹¹¹
1094 535 1398 618 -hincque
1444 535 1754 599 materies
1784 532 2099 618 fingendi,
2141 534 2297 599 dolo
2319 533 2715 619 ,consangui-

513 640 625 704 nei
657 640 1223 703 circumventum:
1271 656 1466 721 quem
1507 638 1748 710 serunt,
1777 656 1932 700 cum
1967 636 2230 701 invidia
2261 645 2598 718 gestarum
2627 656 2717 700 re-

515 761 663 805 rum
695 748 1071 822 angeretur,
1101 739 1399 803 fraudem
1432 743 1598 803 inter
1619 759 1880 803 coenam
1909 741 2321 803 exercuisse.
2408 741 2476 805 6.
2508 739 2721 804 Nam-

517 863 645 926 que
715 841 844 906 lita
900 861 1162 905 veneno
1218 841 1417 905 cultri
1465 848 1709 923 parte‚¹²
1767 841 1990 906 vulvae
2041 841 2347 920 frustum,
2404 842 2591 925 quod
2639 841 2721 904 do

513 945 849 1009 industria
901 943 1122 1006 solum
1169 951 1337 1019 erat,
1386 963 1468 1007 eo
1498 943 1826 1026 praecidit,
1877 955 2371 1028 consumtoque
2417 964 2579 1021 uno,
2624 943 2722 1008 uti

512 1066 661 1111 mos
692 1053 798 1109 est
824 1047 987 1109 inter
1016 1044 1412 1123 familiares„
1448 1046 1750 1123 alterum,
1783 1066 1915 1129 qua
1944 1048 2131 1111 virus
2154 1049 2554 1128 contigerat,
2585 1065 2726 1130 ger·-

511 1168 710 1215 mano
742 1149 1065 1231 porrexit.
1155 1150 1220 1211 7.
1268 1148 1447 1211 Hoec
1479 1149 1547 1211 in
1580 1155 1770 1212 tanto
1803 1149 1947 1213 viro
1969 1156 1995 1183 ⁰
2027 1148 2330 1226 credere,
2347 1149 2484 1212 nisi
2515 1149 2722 1213 animi

512 1251 598 1315 ad
632 1251 853 1314 scelus
885 1250 1102 1332 proni,
1132 1268 1262 1313 non
1294 1257 1569 1332 queunt.
1648 1250 1713 1312 8.
1748 1249 2025 1333 Quippe
2055 1270 2209 1314 cum
2241 1250 2529 1314 Lucium
2554 1252 2724 1314 satis

512 1358 780 1417 constet
849 1350 1070 1415 Altini
1129 1349 1443 1414 Venetiae
1521 1351 1683 1413 urbe
1710 1359 1739 1400 P
1811 1357 2255 1430 consumtum,
2328 1356 2724 1435 tantumque

511 1454 753 1518 Marco
827 1454 1214 1536 sapientiae,
1273 1452 1695 1529 lenitudiniS,
1754 1453 2171 1519 innocentiae
2230 1474 2313 1518 ao
2375 1455 2721 1519 literarum

507 1557 746 1637 fuisse,
786 1562 865 1619 ut
912 1558 971 1620 is
1018 1555 1603 1631 MarcomannoS,‘¹
1650 1575 1807 1621 cum
1855 1557 1996 1619 filio
2049 1555 2476 1632 Commodo}
2520 1575 2722 1639 quem

512 1654 856 1721 Caesa‘rem
908 1657 1308 1732 suffecerat,⁸
1359 1658 1728 1738 petituru8‚
1782 1657 2334 1741 philosophorum
2380 1642 2760 1721 obtestan-‘

515 1758 679 1822 tium
710 1758 1507 1835 circumfunderetur,‘ne
1540 1779 1614 1822 se
1643 1759 2092 1843 expeditioni,
2112 1767 2234 1823 aut
2263 1777 2510 1842 pugnae
2540 1758 2727 1843 prius

1118 389 1352 445 sEx'rl
1401 392 1442 439 A
1460 390 1499 439 U
1518 392 1561 438 R
1576 389 1726 437 Emi
1777 386 2129 441 vlo'roms

1415 1903 1793 1926 ‘mooe-emo

508 2004 639 2053 uiam
671 2006 1000 2055 secedeusJ—(i
1025 2006 1241 2067 Namque
1262 2006 1336 2056 ita
1370 2020 1548 2055 ueneno
1588 2007 1892 2058 Selium—8
1920 2008 2213 2070 Tantumque
2245 2004 2300 2053 in
2336 2009 2444 2054 arte
2481 2001 2727 2068 sapientiae

512 2080 634 2119 ante
671 2072 876 2120 Schott.
923 2072 1215 2129 legebatur.
1282 2072 1714 2133 ‘Philosophorum
1752 2075 1851 2121 obt.
1906 2074 2076 2122 Locus
2122 2081 2203 2120 est
2247 2085 2480 2119 mancus·
2539 2070 2724 2119 Placet

508 2135 774 2198 Sylburgii
798 2136 1119 2198 conjectura,
1137 2136 1520 2200 philosophorum
1540 2137 1683 2185 turba
1697 2138 2174 2196 circumfunderetur,
2208 2135 2561 2183 obtestantium·
2626 2134 2722 2181 Ca·

507 2202 769 2250 sanbonus
789 2201 1124 2258 emendabat,
1143 2202 1423 2264 plaudente
1449 2201 1706 2250 Salmasio
1720 2203 1785 2251 ad
1802 2203 2102 2253 Vulcatium
2120 2201 2447 2252 Gallicanum
2464 2201 2517 2248 in
2534 2198 2724 2248 Avidio

1506 2329 1722 2379 NOTAE

572 2433 611 2463 ¹¹¹
643 2425 825 2477 Lucius
838 2426 1005 2490 paucis
1019 2425 1185 2475 diebus
1201 2424 1423 2488 moritur]
1448 2425 1577 2475 Cum
1659 2431 1742 2476 tus
1768 2426 2003 2490 vixisset,
2023 2422 2161 2491 apud
2188 2424 2421 2477 Altinum
2446 2416 2642 2488 periit!

507 2519 605 2568 per
642 2519 802 2552 annos
839 2503 951 2552 fere
987 2517 1170 2550 novem
1206 2502 1389 2549 Marco
1428 2498 1579 2548 fratri
1723 2511 1750 2546 «ι
1783 2504 2174 2566 Marcomannos]
2221 2503 2505 2566 capitolin.
2545 2509 2564 2535 ὀ
2589 2501 2729 2549 Pane

509 2583 717 2644 imperii
744 2584 1011 2644 particeps
1035 2582 1238 2629 fuisset.

575 2665 600 2689 ¹¹
635 2659 854 2720 Namque
896 2659 987 2706 lita
1020 2672 1193 2706 ueneno
1233 2656 1381 2704 cultri
1415 2653 1577 2719 purte]

506 2733 658 2782 Idem
695 2734 975 2796 Capitolia.
1010 2735 1061 2781 in
1101 2733 1363 2782 Antonino
1399 2733 1576 2781 Philo-

513 2811 695 2872 sopho,
731 2820 785 2858 et
815 2812 866 2857 in
891 2811 1049 2859 Vero.
1118 2811 1237 2858 Non
1255 2808 1501 2857 dissimile
1524 2811 1577 2858 in

508 2887 777 2937 Plutarchi
795 2884 1113 2944 Artaxerxe,
1128 2885 1272 2948 cnjus
1290 2894 1459 2933 mater
1479 2885 1580 2934 Pa-

510 2962 680 3012 risatis
706 2962 1173 3022 nomiue‚Staty1-ae
1201 2963 1347 3010 uxori
1368 2961 1479 3024 ejus
1498 2963 1579 3010 in-

509 3037 667 3097 festa,
703 3039 839 3086 illam
875 3039 972 3086 hoc
1008 3037 1158 3085 modo
1193 3038 1436 3097 sustulit3
1476 3039 1580 3087 dis-

507 3123 668 3163 seetae
692 3114 742 3161 in
769 3114 1007 3162 convivio
1026 3114 1152 3169 avis,
1170 3122 1423 3176 ryntacen
1449 3115 1580 3161 Per-

509 3205 579 3238 sae
616 3197 828 3250 vocant,
868 3206 981 3238 eam
1021 3198 1225 3253 partem
1267 3205 1381 3253 quoe
1423 3190 1578 3239 cultri

508 3267 729 3314 alterum
763 3268 901 3315 latus
937 3269 1109 3316 toxico
1139 3267 1356 3315 oblitum
1387 3268 1575 3330 attige-

508 3352 611 3405 rat,
633 3344 890 3391 edendum
915 3344 1153 3405 proebuit.
1192 3344 1379 3393 Schou.

566 3424 595 3450 ⁴²
629 3418 756 3468 Haec
775 3419 826 3467 in
846 3424 979 3467 tauto
994 3420 1121 3482 viro]
1155 3420 1381 3483 Capitol.
1401 3420 1450 3468 in
1470 3421 1576 3470 fine

504 3494 667 3543 Veri:
705 3503 717 3523 ⁸
738 3494 840 3543 Sed
878 3496 974 3542 lioc
1003 3494 1154 3543 nefas
1177 3495 1245 3543 de
1272 3496 1457 3544 Marco
1480 3511 1577 3557 pu-

505 3571 624 3624 tari,
642 3571 873 3632 quamvis
889 3572 1015 3619 Veri
1033 3580 1085 3618 et
1101 3571 1354 3633 cogitata,
1370 3579 1423 3620 et
1436 3571 1579 3620 facta

505 3645 843 3697 mereantur.'
905 3649 1073 3696 Paulo
1110 3648 1367 3709 superius,
1399 3648 1415 3674 ‘
1437 3649 1578 3696 Nota

505 3730 588 3773 est
633 3722 826 3781 fabula,
878 3740 1028 3789 quam
1074 3724 1243 3773 Marci
1291 3738 1393 3772 non
1435 3725 1578 3788 capit

506 3800 651 3851 vita!
1510 3805 1516 3810 ⁴

567 3887 594 3921 Ρ
627 3878 787 3927 Altini
818 3877 1028 3926 Venetiae
1050 3877 1188 3940 urbe]
1223 3876 1574 3941 capitolin-in

503 3954 676 4003 Vero:
727 3960 741 3981 ‘
768 3955 873 4003 Sed
920 3968 1020 4001 non
1066 3955 1219 4016 longe
1265 3954 1333 4001 ab
1376 3952 1579 4013 Altino,

503 4031 680 4079 subito
703 4032 754 4077 in
780 4030 1033 4091 vehiculo,
1058 4031 1258 4083 morbo,
1279 4044 1427 4090 quem
1449 4042 1576 4090 apo·

502 4108 681 4170 plexin
719 4114 925 4162 vocant,
951 4114 1224 4169 correptus
1257 4107 1464 4158 Lucius,
1488 4103 1576 4152 dess

504 4184 705 4246 positus
729 4199 758 4231 e
784 4185 1036 4244 vehiculo,
1059 4184 1303 4233 detracto
1324 4183 1577 4245 sanguine

504 4257 737 4308 Altinum
772 4260 1078 4323 conductus,
1105 4275 1222 4311 cum
1260 4259 1434 4309 triduo
1464 4272 1576 4307 mu·

1658 2582 1837 2631 nonius
1861 2597 2006 2645 ergo,
2028 2579 2432 2635 Marcomannis,
2453 2578 2726 2632 Sarmatis,

1657 2658 1926 2718 Vandalis,
1948 2659 2096 2706 simul
2121 2657 2280 2705 etiam
2303 2655 2507 2707 Quadis
2531 2655 2726 2702 extinc-

1660 2736 1745 2790 tis,
1769 2736 1986 2784 servitio
2011 2733 2284 2792 liberavit3
2323 2741 2375 2778 et
2401 2730 2585 2779 Romae
2609 2741 2725 2778 cnm

1661 2811 1963 2873 Commodo,
1986 2824 2133 2874 quem
2153 2809 2268 2870 jam
2299 2807 2561 2855 Oaesarem
2587 2804 2729 2854 fece«

1662 2896 1766 2947 rat,
1793 2888 1916 2945 filio,
1946 2894 2004 2935 ut
2039 2886 2282 2939 diximus,
2314 2897 2407 2932 sno
2441 2882 2727 2945 triumpha-

1660 2964 1734 3012 vit
1756 2963 1790 3011 :’
1822 2973 1877 3012 et
1901 2963 2043 3011 alibi.

1727 3043 1748 3071 ¹·
1781 3040 1902 3087 Cum
1917 3038 2030 3103 filio
2056 3034 2329 3097 Commodo]
2363 3034 2552 3084 Filium
2580 3041 2729 3083 suunt

1663 3115 2001 3165 Commodum
2025 3115 2077 3162 in
2101 3113 2492 3177 expeditionem
2521 3111 2727 3160 Marco·

1661 3195 1950 3242 mannicum
1996 3207 2172 3241 secum
2215 3192 2429 3249 ducere,
2468 3200 2725 3252 nunquam

1660 3269 1913 3329 cogitavit
1957 3267 2282 3316 Antoninus:
2341 3264 2463 3329 quin
2508 3270 2565 3313 et
2608 3277 2723 3311 eum

1661 3343 1935 3392 admodum
1970 3356 2184 3406 puerum
2221 3340 2434 3402 reliquit
2456 3351 2574 3387 cum
2609 3352 2726 3399 pron

1658 3420 1829 3470 fectus
1868 3427 1976 3478 est;
2019 3427 2076 3466 ut
2112 3416 2358 3465 discimus
2393 3429 2464 3463 ex
2504 3415 2721 3468 Galeno.

1656 3499 1744 3563 qui
1780 3507 1905 3546 tunc
1940 3496 2189 3559 temporis
2221 3493 2452 3556 vivebat,
2473 3500 2531 3541 et
2554 3492 2728 3556 lmpee

1659 3574 1819 3621 satori
1846 3571 2117 3621 familiaris
2142 3577 2271 3619 erat.

1663 3659 1668 3664 ·
1722 3655 1742 3681 ⁸
1777 3649 1931 3704 Quem
1978 3639 2215 3696 Coesarem
2252 3644 2534 3710 suffecerat]
2588 3644 2722 3693 Vide

1658 3740 1774 3788 quoe
1801 3741 1959 3787 supra
1987 3727 2036 3771 in
2058 3724 2283 3786 Trojano
2307 3723 2448 3770 dieta
2468 3729 2606 3770 sunt.

1723 3803 1739 3832 ‘
1772 3801 2163 3861 Philosophorum
2191 3798 2532 3847 obtestantium
2552 3797 2726 3860 [obteso

1657 3877 1935 3940 concitatu-⁸⁵]
1977 3872 2281 3932 circumfum]
2341 3875 2510 3922 Deest
2554 3873 2605 3920 ui
2645 3872 2723 3919 vel

1661 3953 1819 4001 turba.
1900 3953 2038 4004 Quin
2082 3962 2137 3998 et
2178 3949 2443 4012 philosoph.
2479 3947 2644 3998 obtat.
2674 3946 2724 3995 oi

1657 4028 1871 4087 circums-
1913 4028 2013 4088 legi
2057 4026 2252 4075 debere
2293 4026 2494 4074 monuit
2536 4025 2723 4074 Casan·

1661 4103 1843 4163 bonus,
1875 4102 2011 4166 apud
2040 4102 2343 4149 Vulcatium
2374 4100 2724 4155 Gallicanum,

1658 4180 1745 4243 qui
1779 4181 1829 4228 in
1870 4178 2060 4227 Avidio
2093 4177 2271 4225 Cassio
2308 4176 2511 4224 Victori
2547 4177 2720 4237 genui-

1656 4270 1753 4308 na:
1790 4257 2046 4307 ‘Tantum
2064 4254 2255 4304 enituit
2283 4253 2331 4301 in
2355 4247 2727 4318 philosophia,’
