3023 4942
742 425 841 474 na
888 386 1098 476 vinis
1146 424 1659 476 muneramus
1707 426 1875 475 CAP.
1928 427 2109 475 nvn.

2397 411 2529 478 179

1128 700 1137 707 ‘
1176 684 1389 752 CAP.
1443 684 1675 752 LVII.

844 835 994 885 Tm.
1038 835 1529 886 smupnomus
1577 834 2007 885 GRACCHUS.

322 966 754 1020 Anemauwm.
820 969 1117 1034 Scipionem
1140 968 1427 1019 Asiaticum
1457 968 1718 1019 inimicum
1748 968 1802 1018 in
1830 982 2087 1020 carcerem
2112 967 2232 1020 duci
2260 983 2361 1018 non
2396 970 2527 1033 pati·

392 1056 509 1110 tur,
545 1049 788 1106 Galliam,
812 1050 1140 1114 Hispaniam,
1169 1049 1460 1099 Sardiniam
1485 1049 1687 1111 domat3
1722 1050 1993 1099 libertinos
2029 1051 2082 1099 in
2118 1049 2338 1100 urbanas
2361 1050 2527 1100 tribus

390 1129 616 1190 dividit3
648 1138 701 1179 et
717 1143 935 1193 anguem
956 1144 1149 1179 marem
1169 1129 1374 1179 domino
1398 1129 1683 1195 interitum,
1698 1131 1741 1180 si
1762 1130 2112 1188 occideretur,
2127 1130 2527 1195 portendentem

388 1210 613 1260 interfici
628 1210 783 1274 jubet
802 1211 917 1262 Tib.
938 1210 1275 1275 Sempronius
1297 1210 1587 1261 Gracchus.

410 1333 479 1417 1.
520 1334 896 1400 Tiaaams
940 1334 1437 1399 SEMPno‘Nrus
1486 1333 1943 1413 GRACCHUS,
1974 1333 2397 1400 nobilissima
2428 1335 2529 1400 fa-

319 1435 513 1500 milia
540 1441 748 1511 ortuS,
779 1436 1159 1519 Scipionem
1187 1434 1590 1519 Asiaticum,
1622 1438 1931 1520 quamvis
1961 1438 2336 1517 inimicum,
2367 1437 2528 1502 duci

319 1539 394 1602 in
424 1557 762 1602 carcerem
782 1545 807 1572 ⁸
837 1557 968 1602 non
994 1544 1101 1602 est
1129 1557 1397 1621 passus.

1482 1538 1549 1623 2.
1595 1537 1860 1623 Praetor
1886 1537 2182 1604 Galliam
2199 1537 2226 1576 ¹³
2254 1539 2528 1617 domuit,

320 1639 570 1705 consul
611 1639 1059 1723 Hispaniam;
1106 1638 1314 1704 altero
1367 1639 1719 1705 consulatu
1767 1640 2190 1706 Sardiniam:
2235 1646 2525 1706 tantum-

322 1763 456 1826 que
485 1745 908 1827 captivorum
938 1742 1244 1822 adduxit,
1267 1750 1348 1808 ut
1374 1744 1579 1827 longa
1599 1744 1985 1810 venditione
2012 1747 2214 1809 resin
2257 1765 2528 1829 prover-

321 1846 511 1910 bium
560 1846 847 1910 veniret:
898 1844 1095 1910 Sardi
1147 1843 1432 1910 venaless

1549 1847 1613 1910 3.
1662 1845 1923 1912 Censor
1979 1847 2353 1925 libertinoS,
2407 1851 2529 1933 qui

319 1947 614 2040 rusticas
638 1947 855 2012 tribus
875 1944 904 1984 ‘¹
925 1955 950 1983 ⁶
1004 1954 1436 2033 occuparant,
1468 1946 1560 2045 ‘nin
1589 1955 1883 2053 quatuor
1926 1950 2217 2014 urbanas
2261 1950 2526 2043 divisit:

1234 2097 1477 2118 mOOm
1478 2096 1600 2119 0500

389 2195 688 2245 CAP.1.vn.
753 2198 782 2243 1
823 2195 962 2246 Titus
980 2192 1287 2259 Sempronius
1309 2194 1429 2246 Ald.
1493 2196 1623 2245 Tum
1646 2210 1740 2245 non
1762 2201 1835 2246 est
1867 2209 2033 2258 passus
2054 2195 2257 2245 Schott.
2281 2195 2349 2244 G.
2369 2197 2439 2246 D.
2459 2192 2527 2246 P.

320 2253 421 2310 .‘..·..2
442 2259 581 2309 Ante
601 2261 804 2310 Schott.
826 2260 1099 2323 legebatur
1119 2263 1392 2324 tantumque
1412 2274 1657 2310 numerum
1678 2266 1803 2324 capt.
1842 2261 2111 2309 Praeterea
2132 2259 2407 2310 Sardinales
2429 2262 2529 2310 Ed.

320 2330 403 2388 pr.
409 2331 504 2376 -3
525 2326 542 2353 ‘
568 2326 731 2380 Qui..

748 2331 1067 2389 ‚occupat-ent.
1140 2325 1437 2389 occuparent
1461 2339 1658 2389 repone
1682 2339 1748 2374 ex
1787 2324 2047 2375 veteribus
2082 2325 2246 2406 libris,
2273 2326 2374 2373 nisi
2405 2329 2528 2388 qaod

1141 2485 1147 2494 .
1244 2491 1247 2498 ,
1314 2438 1559 2502 ΝΟΤΙΕ

385 2543 412 2569 ⁸
443 2536 617 2585 Daci·
599 2552 650 2585 m
670 2535 929 2599 carcerem]
962 2537 1099 2588 Vide
1133 2552 1291 2603 supra
1327 2538 1382 2587 in

318 2612 569 2675 Scipione
594 2614 847 2664 Asiatico.

383 2690 408 2725 b
429 2693 627 2742 Proetor
649 2692 888 2756 Galliam]
923 2695 1119 2745 Nescio
1146 2709 1273 2760 quos
1296 2694 1382 2745 hic

321 2777 561 2818 auctores
584 2770 770 2819 Victor
800 2777 1006 2821 secutus
1039 2773 1124 2821 sits
1191 2773 1382 2835 Neque

320 2844 455 2892 enim
502 2843 734 2893 invenias
772 2845 1068 2895 Gracchum
1115 2846 1166 2895 in
1206 2845 1383 2896 Gallia

319 2935 429 2969 rem
449 2921 687 2985 gessisse,
709 2915 875 2986 neque
906 2924 1170 2972 consulem
1192 2921 1382 2987 Hispa·

320 2998 455 3045 niam
496 2995 801 3046 obtinuisse.
868 2998 974 3048 Sed
1018 3013 1085 3048 en
1129 2999 1229 3050 tibi
1262 3014 1380 3062 quae

321 3073 590 3123 Gracchus
614 3074 792 3136 gessit.
851 3073 918 3124 A.
940 3075 1008 3124 U.
1030 3075 1090 3124 C.
1113 3079 1227 3126 574.
1262 3075 1381 3125 Cel·

318 3149 518 3198 tiberos
559 3149 610 3197 in
653 3149 911 3213 Hispania
948 3157 1151 3215 praetor.
1179 3152 1379 3216 aliquot

319 3225 516 3288 praeliis
551 3225 698 3283 vicit,
733 3227 920 3276 multas
954 3227 1111 3278 urbes
1136 3223 1297 3292 cepit,
1321 3234 1378 3277 et

318 3299 517 3350 omnem
545 3301 884 3351 Celtiberiam
909 3302 1149 3354 domuin
1174 3303 1242 3352 A.
1263 3309 1378 3355 576.

319 3377 495 3425 consul
533 3376 586 3425 in
613 3376 851 3426 Sardinia
875 3378 1049 3428 hostes
1071 3378 1228 3436 fudit,
1264 3394 1378 3429 cas·

319 3454 514 3517 trisque
554 3454 733 3505 exuit:
769 3455 981 3505 eosdem
1022 3457 1391 3507 iterum'anno

316 3530 559 3593 sequenti
616 3533 892 3594 proconsul
946 3532 1163 3594 devicit,
1198 3533 1379 3598 :iisqne

317 3620 504 3669 pacem
529 3608 803 3670 concessit,
822 3614 878 3657 et
899 3608 1117 3658 Romam
1141 3623 1379 3659 reversus

316 3695 453 3731 auno
479 3689 599 3745 post
623 3682 942 3747 triumphans
961 3682 1160 3733 Urbem
1183 3684 1380 3748 ingres·

315 3771 402 3807 sus
427 3765 528 3806 est.
576 3757 724 3807 Idem
747 3759 935 3808 iterum
956 3760 1137 3809 consul
1160 3773 1243 3808 an.
1262 3764 1378 3809 590.

316 3848 419 3897 quo
442 3832 560 3882 etim
584 3833 884 3884 Sardiniam
899 3836 1233 3886 rebellantem
1259 3837 1376 3886 sub-

314 3910 482 3974 egisse
504 3912 758 3973 suspicor.
825 3912 1072 3972 Graviter
1093 3927 1220 3976 ergo
1243 3913 1378 3962 Nos·

317 3992 400 4033 ter
423 3985 597 4048 lapsus
630 3994 732 4049 est,
764 4002 935 4052 neque
966 3988 1277 4038 medicinam
1299 3987 1376 4037 fa-

317 4075 439 4110 cere
484 4062 628 4124 licet,
669 4077 788 4112 enm
829 4079 891 4113 ea
926 4065 1188 4127 scriptura
1228 4073 1283 4115 et
1319 4066 1377 4114 in

317 4135 453 4189 Mss.
486 4145 541 4186 et
575 4138 628 4186 in
665 4138 819 4189 editis
851 4139 983 4189 adeo
1017 4149 1256 4190 constans
1291 4142 1378 4192 sit.

316 4212 581 4265 Tentabat
599 4222 769 4264 tamen
800 4216 1006 4266 Schott.
1040 4218 1239 4267 Praetor
1253 4218 1376 4267 His·

316 4290 508 4351 partiam
561 4291 786 4357 obtinuit,
840 4297 888 4343 et
926 4293 1079 4343 altero
1132 4296 1376 4344 consulatu

1465 2537 1768 2601 Sardiniam,
1800 2553 1940 2601 quam
1958 2537 2175 2601 primam
2188 2539 2348 2587 consul
2368 2495 2529 2589 doma·

1462 2619 1588 2679 erat,
1621 2619 1893 2677 tantumque
1914 2614 2208 2677 captivorum
2226 2615 2526 2664 adduxerat.
2515 2630 2530 2643 ·

1463 2693 1547 2742 vel
1574 2707 1668 2756 pro
1692 2692 1905 2741 Galliam
1926 2690 2067 2741 affini
2092 2706 2219 2742 voce
2248 2693 2529 2742 Galloeciam

1462 2769 1707 2818 obtinuit.
1736 2768 1914 2833 quod
1900 2782 1954 2817 in
1982 2768 2196 2818 Galliam
2229 2763 2416 2876 postea
2437 2768 2530 2818 de·

1463 2852 1755 2910 pravatum.

1528 2930 1552 2957 ⁶
1583 2922 1730 2972 Sardi
1750 2920 1961 2983 uenales]
1995 2920 2130 2971 Vide
2164 2920 2434 2970 Plutarch.
2470 2921 2525 2969 in

1460 2998 1727 3048 Problem.
1760 2998 1897 3048 Vide
1921 3006 1979 3048 et
1997 2983 2141 3048 Fest.
2156 2997 2345 3060 Pomp.
2383 2997 2525 3045 Nam

1459 3075 1496 3125 ii
1530 3075 1597 3125 de
1630 3077 1730 3125 hoc
1763 3076 1866 3125 alia
1902 3074 2153 3125 referunt.
2217 3073 2322 3123 Sed
2352 3073 2525 3121 verius

1460 3158 1591 3215 puto
1616 3152 1833 3201 Noster.

1524 3224 1550 3259 ‘¹
1589 3227 1768 3276 Censor
1795 3226 2057 3283 libertinos,
2097 3225 2179 3289 qai
2206 3224 2411 3274 rusticas
2433 3224 2525 3272 tri·

1458 3300 1567 3364 bus]
1603 3302 1684 3350 Ex
1720 3301 1867 3351 Livio
1901 3297 2076 3351 tanien
2105 3300 2202 3350 lib.
2237 3313 2367 3349 xw.
2404 3313 2526 3362 cap.

1463 3380 1797 3449 Iti-‘apparet
1831 3377 2117 3441 libertinos,
2153 3376 2241 3441 qui
2266 3377 2375 3440 jam
2402 3376 2524 3426 inde

1446 3467 1625 3517 *usque
1649 3467 1680 3502 a
1699 3453 1878 3502 Servio
1899 3454 2067 3502 Tullio
2086 3463 2208 3515 rege
2228 3453 2279 3500 in
2301 3460 2525 3515 quatuor

1460 3530 1627 3579 tribus
1668 3528 1890 3579 urbanas
1932 3529 2155 3593 conjecti
2197 3527 2424 3591 fuerant,
2468 3535 2525 3578 et

1459 3613 1665 3669 postea,
1687 3621 1804 3655 cum
1827 3620 1942 3655 sese
1964 3606 2017 3654 in
2035 3618 2211 3654 omnes
2234 3604 2398 3654 tribus
2423 3603 2526 3653 dif-

1461 3679 1762 3745 funderent,
1785 3683 1972 3730 iterum
1998 3681 2050 3730 in
2073 3679 2279 3732 easdem
2303 3686 2526 3743 quatuor

1462 3769 1493 3810 a
1524 3760 1590 3819 C.
1621 3757 1877 3807 Flaminio
1900 3763 1955 3805 et
1986 3757 2046 3806 L.
2069 3755 2272 3805 AEmilio
2294 3756 2524 3805 censori·
2565 3750 2573 3761 '

1461 3834 1557 3884 bus
1579 3834 1799 3896 redacti,
1833 3845 1970 3881 nunc
2003 3847 2034 3880 a
2055 3831 2178 3881 Tib.
2214 3831 2523 3892 Sempronio

1459 3908 1701 3959 Graccho
1723 3910 1779 3959 in
1809 3922 1963 3957 unam
1998 3906 2264 3964 urbanam,
2301 3907 2523 3971 Esquili·

1460 4001 1579 4037 nam
1615 3986 1835 4049 scilicet,
1869 3984 2032 4034 fuisse
2059 3984 2350 4047 conjectos.
2416 3983 2521 4032 Ve-

1458 4071 1659 4114 rumet
1684 4062 1883 4113 auctori
1908 4068 2087 4114 nostro
2110 4060 2288 4112 favere
2311 4060 2524 4110 videtur

1456 4142 1647 4192 Cicero
1688 4142 1754 4192 de
1798 4140 2063 4201 Oratore,¹
2084 4140 2177 4191 lib.
2221 4154 2261 4191 1.
2279 4146 2431 4195 „sect.
2472 4144 2523 4191 9.

1455 4218 1471 4246 ‘
1490 4219 1593 4269 Sed
1620 4225 1679 4268 nt
1703 4220 1903 4282 reliqua
1921 4218 2341 4281 praetermittam,
2355 4216 2521 4265 omni-

1454 4308 1542 4345 um
1564 4295 1688 4345 mihi
1711 4293 1910 4357 videor,
1925 4294 2183 4358 exceptis,
2201 4293 2415 4357 Crasse,
2431 4305 2517 4342 vo·
