<?xml version="1.0" encoding="UTF-8"?>
<!DOCTYPE html PUBLIC "-//W3C//DTD XHTML 1.0 Transitional//EN"
    "http://www.w3.org/TR/xhtml1/DTD/xhtml1-transitional.dtd">
<html xmlns="http://www.w3.org/1999/xhtml" xml:lang="en" lang="en">
 <head>
  <title>
</title>
<meta http-equiv="Content-Type" content="text/html;charset=utf-8" />
  <meta name='ocr-system' content='tesseract 3.04.00' />
  <meta name='ocr-capabilities' content='ocr_page ocr_carea ocr_par ocr_line ocrx_word'/>
</head>
<body>
  <div class='ocr_page' id='page_1' title='image "./historiaromanav00victgoog_0013.png"; bbox 0 0 3023 4942; ppageno 0'>
   <div class='ocr_carea' id='block_1_1' title="bbox 798 787 2158 937">
    <p class='ocr_par' dir='ltr' id='par_1_1' title="bbox 798 787 2158 937">
     <span class='ocr_line' id='line_1_1' title="bbox 798 787 2158 937; baseline -0.005 0"><span class='ocrx_word' id='word_1_1' title='bbox 798 846 1200 937; x_wconf 86' lang='lat' dir='ltr'><strong>ANNAE</strong></span> <span class='ocrx_word' id='word_1_2' title='bbox 1279 787 1679 931; x_wconf 67' lang='lat' dir='ltr'>mssm</span> <span class='ocrx_word' id='word_1_3' title='bbox 1759 844 2158 931; x_wconf 85' lang='lat' dir='ltr'><strong>FILIAE</strong></span> 
     </span>
    </p>
   </div>
   <div class='ocr_carea' id='block_1_2' title="bbox 1088 1042 1863 1252">
    <p class='ocr_par' dir='ltr' id='par_1_2' title="bbox 1088 1042 1863 1252">
     <span class='ocr_line' id='line_1_2' title="bbox 1088 1042 1863 1252; baseline 0.004 -54"><span class='ocrx_word' id='word_1_4' title='bbox 1088 1042 1863 1252; x_wconf 13' lang='lat' dir='ltr'><strong>*PRAEFATIQ</strong></span> 
     </span>
    </p>
   </div>
   <div class='ocr_carea' id='block_1_3' title="bbox 371 1721 2650 3654">
    <p class='ocr_par' dir='ltr' id='par_1_3' title="bbox 371 1721 2650 3134">
     <span class='ocr_line' id='line_1_3' title="bbox 371 1721 2584 1807; baseline -0.001 -21"><span class='ocrx_word' id='word_1_5' title='bbox 371 1722 630 1807; x_wconf 84' lang='lat' dir='ltr'>pridem</span> <span class='ocrx_word' id='word_1_6' title='bbox 661 1742 824 1787; x_wconf 88' lang='lat' dir='ltr'>cura</span> <span class='ocrx_word' id='word_1_7' title='bbox 863 1741 1017 1786; x_wconf 88' lang='lat' dir='ltr'>mea</span> <span class='ocrx_word' id='word_1_8' title='bbox 1061 1721 1292 1786; x_wconf 89' lang='lat' dir='ltr'>multis</span> <span class='ocrx_word' id='word_1_9' title='bbox 1328 1721 1505 1785; x_wconf 90' lang='lat' dir='ltr'>locis</span> <span class='ocrx_word' id='word_1_10' title='bbox 1544 1729 1614 1786; x_wconf 91' lang='lat' dir='ltr'>et</span> <span class='ocrx_word' id='word_1_11' title='bbox 1658 1722 2044 1786; x_wconf 87' lang='lat' dir='ltr'>emendatos</span> <span class='ocrx_word' id='word_1_12' title='bbox 2085 1728 2154 1786; x_wconf 92' lang='lat' dir='ltr'>et</span> <span class='ocrx_word' id='word_1_13' title='bbox 2179 1722 2584 1805; x_wconf 82' lang='lat' dir='ltr'>explicatoS‚</span> 
     </span>
     <span class='ocr_line' id='line_1_4' title="bbox 372 1822 2583 1908; baseline -0.001 -20"><span class='ocrx_word' id='word_1_14' title='bbox 372 1845 553 1889; x_wconf 85' lang='lat' dir='ltr'>nunc</span> <span class='ocrx_word' id='word_1_15' title='bbox 583 1825 885 1903; x_wconf 89' lang='lat' dir='ltr'>habebis,</span> <span class='ocrx_word' id='word_1_16' title='bbox 916 1824 1181 1889; x_wconf 85' lang='lat' dir='ltr'>Lector.</span> <span class='ocrx_word' id='word_1_17' title='bbox 1269 1822 1371 1888; x_wconf 91' lang='lat' dir='ltr'>Iis</span> <span class='ocrx_word' id='word_1_18' title='bbox 1405 1822 1682 1908; x_wconf 88' lang='lat' dir='ltr'>quidem</span> <span class='ocrx_word' id='word_1_19' title='bbox 1715 1825 1998 1889; x_wconf 87' lang='lat' dir='ltr'>antehac</span> <span class='ocrx_word' id='word_1_20' title='bbox 2031 1825 2158 1889; x_wconf 81' lang='lat' dir='ltr'>viri</span> <span class='ocrx_word' id='word_1_21' title='bbox 2188 1823 2583 1897; x_wconf 84' lang='lat' dir='ltr'><strong>doctissimi,</strong></span> 
     </span>
     <span class='ocr_line' id='line_1_5' title="bbox 375 1913 2650 2011; baseline -0.001 -20"><span class='ocrx_word' id='word_1_22' title='bbox 375 1926 730 2005; x_wconf 90' lang='lat' dir='ltr'>Schottus,</span> <span class='ocrx_word' id='word_1_23' title='bbox 782 1928 1134 2006; x_wconf 81' lang='lat' dir='ltr'><strong>Gruterus,</strong></span> <span class='ocrx_word' id='word_1_24' title='bbox 1177 1926 1622 2007; x_wconf 81' lang='lat' dir='ltr'>MachaneuS,</span> <span class='ocrx_word' id='word_1_25' title='bbox 1675 1925 1967 1992; x_wconf 89' lang='lat' dir='ltr'>Vinetus</span> <span class='ocrx_word' id='word_1_26' title='bbox 2004 1925 2268 1992; x_wconf 80' lang='lat' dir='ltr'><strong>felicem</strong></span> <span class='ocrx_word' id='word_1_27' title='bbox 2315 1913 2586 2011; x_wconf 80' lang='lat' dir='ltr'>operam</span> <span class='ocrx_word' id='word_1_28' title='bbox 2643 2000 2650 2005; x_wconf 57' lang='lat'><strong><em>„</em></strong></span> 
     </span>
     <span class='ocr_line' id='line_1_6' title="bbox 374 2028 2585 2114; baseline 0 -22"><span class='ocrx_word' id='word_1_29' title='bbox 374 2035 743 2111; x_wconf 85' lang='lat' dir='ltr'>navarunt3</span> <span class='ocrx_word' id='word_1_30' title='bbox 790 2029 910 2094; x_wconf 91' lang='lat' dir='ltr'>sed</span> <span class='ocrx_word' id='word_1_31' title='bbox 940 2029 1099 2096; x_wconf 93' lang='lat' dir='ltr'>dum</span> <span class='ocrx_word' id='word_1_32' title='bbox 1128 2030 1341 2095; x_wconf 87' lang='lat' dir='ltr'>multa</span> <span class='ocrx_word' id='word_1_33' title='bbox 1369 2030 1483 2095; x_wconf 83' lang='lat' dir='ltr'>vel</span> <span class='ocrx_word' id='word_1_34' title='bbox 1529 2030 1896 2114; x_wconf 86' lang='lat' dir='ltr'>negligunt,</span> <span class='ocrx_word' id='word_1_35' title='bbox 1924 2029 2038 2095; x_wconf 83' lang='lat' dir='ltr'>vel</span> <span class='ocrx_word' id='word_1_36' title='bbox 2080 2031 2148 2093; x_wconf 90' lang='lat' dir='ltr'>in</span> <span class='ocrx_word' id='word_1_37' title='bbox 2190 2028 2374 2093; x_wconf 93' lang='lat' dir='ltr'>aliud</span> <span class='ocrx_word' id='word_1_38' title='bbox 2421 2034 2585 2092; x_wconf 90' lang='lat' dir='ltr'>tem-</span> 
     </span>
     <span class='ocr_line' id='line_1_7' title="bbox 372 2132 2587 2216; baseline 0 -21"><span class='ocrx_word' id='word_1_39' title='bbox 372 2144 510 2215; x_wconf 89' lang='lat' dir='ltr'>pus</span> <span class='ocrx_word' id='word_1_40' title='bbox 536 2138 905 2209; x_wconf 87' lang='lat' dir='ltr'>reservant,</span> <span class='ocrx_word' id='word_1_41' title='bbox 937 2152 1060 2196; x_wconf 91' lang='lat' dir='ltr'>eos</span> <span class='ocrx_word' id='word_1_42' title='bbox 1097 2134 1196 2198; x_wconf 86' lang='lat' dir='ltr'>ita</span> <span class='ocrx_word' id='word_1_43' title='bbox 1237 2132 1585 2197; x_wconf 82' lang='lat' dir='ltr'>elucidare</span> <span class='ocrx_word' id='word_1_44' title='bbox 1625 2152 1759 2197; x_wconf 90' lang='lat' dir='ltr'>non</span> <span class='ocrx_word' id='word_1_45' title='bbox 1804 2139 2193 2216; x_wconf 89' lang='lat' dir='ltr'>potuerunt,</span> <span class='ocrx_word' id='word_1_46' title='bbox 2222 2138 2300 2196; x_wconf 91' lang='lat' dir='ltr'>ut</span> <span class='ocrx_word' id='word_1_47' title='bbox 2345 2132 2587 2196; x_wconf 79' lang='lat' dir='ltr'>alienae</span> 
     </span>
     <span class='ocr_line' id='line_1_8' title="bbox 372 2223 2590 2321; baseline 0 -25"><span class='ocrx_word' id='word_1_48' title='bbox 372 2223 723 2300; x_wconf 80' lang='lat' dir='ltr'>industriae</span> <span class='ocrx_word' id='word_1_49' title='bbox 756 2235 921 2300; x_wconf 89' lang='lat' dir='ltr'>nihil</span> <span class='ocrx_word' id='word_1_50' title='bbox 952 2235 1363 2321; x_wconf 85' lang='lat' dir='ltr'>reliquerint.</span> <span class='ocrx_word' id='word_1_51' title='bbox 1450 2233 1676 2300; x_wconf 86' lang='lat' dir='ltr'>Multa</span> <span class='ocrx_word' id='word_1_52' title='bbox 1701 2237 1930 2319; x_wconf 90' lang='lat' dir='ltr'>itaque</span> <span class='ocrx_word' id='word_1_53' title='bbox 1971 2237 2082 2301; x_wconf 85' lang='lat' dir='ltr'>vel</span> <span class='ocrx_word' id='word_1_54' title='bbox 2112 2243 2270 2320; x_wconf 88' lang='lat' dir='ltr'>post</span> <span class='ocrx_word' id='word_1_55' title='bbox 2298 2234 2458 2298; x_wconf 91' lang='lat' dir='ltr'>illos</span> <span class='ocrx_word' id='word_1_56' title='bbox 2485 2235 2590 2298; x_wconf 88' lang='lat' dir='ltr'>in·</span> 
     </span>
     <span class='ocr_line' id='line_1_9' title="bbox 372 2334 2590 2420; baseline -0.001 -19"><span class='ocrx_word' id='word_1_57' title='bbox 372 2335 533 2401; x_wconf 82' lang='lat' dir='ltr'>veni</span> <span class='ocrx_word' id='word_1_58' title='bbox 563 2354 720 2420; x_wconf 84' lang='lat' dir='ltr'>quae</span> <span class='ocrx_word' id='word_1_59' title='bbox 751 2357 886 2401; x_wconf 90' lang='lat' dir='ltr'>non</span> <span class='ocrx_word' id='word_1_60' title='bbox 917 2358 1158 2417; x_wconf 88' lang='lat' dir='ltr'>meam,</span> <span class='ocrx_word' id='word_1_61' title='bbox 1187 2337 1308 2401; x_wconf 90' lang='lat' dir='ltr'>sed</span> <span class='ocrx_word' id='word_1_62' title='bbox 1353 2336 1899 2402; x_wconf 86' lang='lat' dir='ltr'>doctissimorum</span> <span class='ocrx_word' id='word_1_63' title='bbox 1938 2336 2279 2402; x_wconf 89' lang='lat' dir='ltr'>hominum</span> <span class='ocrx_word' id='word_1_64' title='bbox 2309 2334 2590 2418; x_wconf 82' lang='lat' dir='ltr'>diligen·</span> 
     </span>
     <span class='ocr_line' id='line_1_10' title="bbox 372 2438 2591 2523; baseline -0 -20"><span class='ocrx_word' id='word_1_65' title='bbox 372 2439 543 2503; x_wconf 88' lang='lat' dir='ltr'>tiam</span> <span class='ocrx_word' id='word_1_66' title='bbox 601 2441 1090 2523; x_wconf 83' lang='lat' dir='ltr'>postulassent.</span> <span class='ocrx_word' id='word_1_67' title='bbox 1181 2438 1412 2519; x_wconf 87' lang='lat' dir='ltr'>Quare</span> <span class='ocrx_word' id='word_1_68' title='bbox 1456 2439 1598 2505; x_wconf 90' lang='lat' dir='ltr'>illis</span> <span class='ocrx_word' id='word_1_69' title='bbox 1657 2459 1784 2523; x_wconf 86' lang='lat' dir='ltr'>ego</span> <span class='ocrx_word' id='word_1_70' title='bbox 1834 2440 2214 2506; x_wconf 83' lang='lat' dir='ltr'>tractandis</span> <span class='ocrx_word' id='word_1_71' title='bbox 2266 2458 2419 2505; x_wconf 90' lang='lat' dir='ltr'>cum</span> <span class='ocrx_word' id='word_1_72' title='bbox 2476 2457 2591 2503; x_wconf 88' lang='lat' dir='ltr'>me</span> 
     </span>
     <span class='ocr_line' id='line_1_11' title="bbox 373 2539 2592 2625; baseline -0 -19"><span class='ocrx_word' id='word_1_73' title='bbox 373 2560 642 2624; x_wconf 89' lang='lat' dir='ltr'>parum,</span> <span class='ocrx_word' id='word_1_74' title='bbox 685 2548 755 2607; x_wconf 88' lang='lat' dir='ltr'>et</span> <span class='ocrx_word' id='word_1_75' title='bbox 799 2543 889 2607; x_wconf 91' lang='lat' dir='ltr'>ab</span> <span class='ocrx_word' id='word_1_76' title='bbox 933 2539 1224 2625; x_wconf 81' lang='lat' dir='ltr'>ingenio,</span> <span class='ocrx_word' id='word_1_77' title='bbox 1262 2550 1332 2609; x_wconf 88' lang='lat' dir='ltr'>et</span> <span class='ocrx_word' id='word_1_78' title='bbox 1363 2563 1407 2608; x_wconf 86' lang='lat' dir='ltr'>a</span> <span class='ocrx_word' id='word_1_79' title='bbox 1437 2543 1747 2608; x_wconf 89' lang='lat' dir='ltr'>doctrina</span> <span class='ocrx_word' id='word_1_80' title='bbox 1793 2543 2189 2609; x_wconf 86' lang='lat' dir='ltr'>instructam</span> <span class='ocrx_word' id='word_1_81' title='bbox 2238 2555 2592 2619; x_wconf 42' lang='lat' dir='ltr'>cernerem.</span> 
     </span>
     <span class='ocr_line' id='line_1_12' title="bbox 371 2643 2591 2728; baseline 0.001 -21"><span class='ocrx_word' id='word_1_82' title='bbox 371 2643 542 2707; x_wconf 85' lang='lat' dir='ltr'>illud</span> <span class='ocrx_word' id='word_1_83' title='bbox 597 2644 891 2709; x_wconf 88' lang='lat' dir='ltr'>studium</span> <span class='ocrx_word' id='word_1_84' title='bbox 951 2652 1022 2710; x_wconf 88' lang='lat' dir='ltr'>et</span> <span class='ocrx_word' id='word_1_85' title='bbox 1071 2661 1225 2711; x_wconf 89' lang='lat' dir='ltr'>eum</span> <span class='ocrx_word' id='word_1_86' title='bbox 1275 2645 1576 2711; x_wconf 89' lang='lat' dir='ltr'>laborem</span> <span class='ocrx_word' id='word_1_87' title='bbox 1627 2646 1931 2726; x_wconf 88' lang='lat' dir='ltr'>adhibui,</span> <span class='ocrx_word' id='word_1_88' title='bbox 1980 2653 2061 2710; x_wconf 91' lang='lat' dir='ltr'>ut</span> <span class='ocrx_word' id='word_1_89' title='bbox 2110 2652 2263 2711; x_wconf 89' lang='lat' dir='ltr'>tuto</span> <span class='ocrx_word' id='word_1_90' title='bbox 2315 2644 2591 2728; x_wconf 87' lang='lat' dir='ltr'>gloriari</span> 
     </span>
     <span class='ocr_line' id='line_1_13' title="bbox 374 2745 2592 2832; baseline 0.001 -23"><span class='ocrx_word' id='word_1_91' title='bbox 374 2745 667 2828; x_wconf 87' lang='lat' dir='ltr'>possim,</span> <span class='ocrx_word' id='word_1_92' title='bbox 723 2747 936 2811; x_wconf 90' lang='lat' dir='ltr'>hocce</span> <span class='ocrx_word' id='word_1_93' title='bbox 983 2748 1199 2813; x_wconf 87' lang='lat' dir='ltr'>totius</span> <span class='ocrx_word' id='word_1_94' title='bbox 1249 2747 1550 2815; x_wconf 75' lang='lat' dir='ltr'>historiae</span> <span class='ocrx_word' id='word_1_95' title='bbox 1597 2746 1935 2814; x_wconf 78' lang='lat' dir='ltr'>Romanae</span> <span class='ocrx_word' id='word_1_96' title='bbox 1980 2748 2386 2832; x_wconf 89' lang='lat' dir='ltr'>compendio</span> <span class='ocrx_word' id='word_1_97' title='bbox 2433 2766 2592 2813; x_wconf 83' lang='lat' dir='ltr'>vere</span> 
     </span>
     <span class='ocr_line' id='line_1_14' title="bbox 375 2837 2592 2934; baseline 0.001 -23"><span class='ocrx_word' id='word_1_98' title='bbox 375 2866 580 2913; x_wconf 88' lang='lat' dir='ltr'>aureo</span> <span class='ocrx_word' id='word_1_99' title='bbox 607 2867 961 2932; x_wconf 85' lang='lat' dir='ltr'>puerorum</span> <span class='ocrx_word' id='word_1_100' title='bbox 986 2854 1240 2915; x_wconf 89' lang='lat' dir='ltr'>teneras</span> <span class='ocrx_word' id='word_1_101' title='bbox 1271 2837 1535 2918; x_wconf 87' lang='lat' dir='ltr'>mentes</span> <span class='ocrx_word' id='word_1_102' title='bbox 1573 2855 1750 2915; x_wconf 89' lang='lat' dir='ltr'>recte</span> <span class='ocrx_word' id='word_1_103' title='bbox 1781 2850 1928 2934; x_wconf 87' lang='lat' dir='ltr'>jam</span> <span class='ocrx_word' id='word_1_104' title='bbox 1955 2850 2171 2914; x_wconf 90' lang='lat' dir='ltr'>imbui</span> <span class='ocrx_word' id='word_1_105' title='bbox 2200 2866 2447 2933; x_wconf 84' lang='lat' dir='ltr'>posse3</span> <span class='ocrx_word' id='word_1_106' title='bbox 2490 2852 2592 2913; x_wconf 82' lang='lat' dir='ltr'>ni.—</span> 
     </span>
     <span class='ocr_line' id='line_1_15' title="bbox 374 2950 2592 3036; baseline 0 -22"><span class='ocrx_word' id='word_1_107' title='bbox 374 2950 471 3014; x_wconf 88' lang='lat' dir='ltr'>hil</span> <span class='ocrx_word' id='word_1_108' title='bbox 504 2952 681 3015; x_wconf 89' lang='lat' dir='ltr'>enim</span> <span class='ocrx_word' id='word_1_109' title='bbox 710 2951 874 3015; x_wconf 89' lang='lat' dir='ltr'>mihi</span> <span class='ocrx_word' id='word_1_110' title='bbox 904 2954 1420 3036; x_wconf 80' lang='lat' dir='ltr'>praetermisisse</span> <span class='ocrx_word' id='word_1_111' title='bbox 1453 2954 1683 3019; x_wconf 86' lang='lat' dir='ltr'>videor</span> <span class='ocrx_word' id='word_1_112' title='bbox 1713 2953 1891 3035; x_wconf 91' lang='lat' dir='ltr'>quod</span> <span class='ocrx_word' id='word_1_113' title='bbox 1924 2952 2012 3017; x_wconf 97' lang='lat' dir='ltr'>ad</span> <span class='ocrx_word' id='word_1_114' title='bbox 2041 2971 2257 3017; x_wconf 88' lang='lat' dir='ltr'>rerum</span> <span class='ocrx_word' id='word_1_115' title='bbox 2287 2951 2592 3035; x_wconf 79' lang='lat' dir='ltr'>explica·</span> 
     </span>
     <span class='ocr_line' id='line_1_16' title="bbox 373 3054 2236 3134; baseline 0.001 -14"><span class='ocrx_word' id='word_1_116' title='bbox 373 3054 630 3120; x_wconf 81' lang='lat' dir='ltr'>tionem</span> <span class='ocrx_word' id='word_1_117' title='bbox 658 3055 936 3134; x_wconf 85' lang='lat' dir='ltr'>faceret,</span> <span class='ocrx_word' id='word_1_118' title='bbox 966 3056 1074 3120; x_wconf 87' lang='lat' dir='ltr'>vel</span> <span class='ocrx_word' id='word_1_119' title='bbox 1107 3056 1194 3120; x_wconf 91' lang='lat' dir='ltr'>ad</span> <span class='ocrx_word' id='word_1_120' title='bbox 1226 3057 1528 3122; x_wconf 90' lang='lat' dir='ltr'>locorum</span> <span class='ocrx_word' id='word_1_121' title='bbox 1557 3055 2120 3121; x_wconf 87' lang='lat' dir='ltr'>emendationem.</span> <span class='ocrx_word' id='word_1_122' title='bbox 2229 3065 2236 3074; x_wconf 69' lang='lat'><em>⁴</em></span> 
     </span>
    </p>

    <p class='ocr_par' dir='ltr' id='par_1_4' title="bbox 373 3155 2592 3654">
     <span class='ocr_line' id='line_1_17' title="bbox 402 3155 2592 3232; baseline -0 -13"><span class='ocrx_word' id='word_1_123' title='bbox 402 3200 406 3202; x_wconf 17' lang='grc' dir='ltr'><strong><em>Δ</em></strong></span> <span class='ocrx_word' id='word_1_124' title='bbox 463 3156 574 3220; x_wconf 92' lang='lat' dir='ltr'>De</span> <span class='ocrx_word' id='word_1_125' title='bbox 607 3162 754 3220; x_wconf 86' lang='lat' dir='ltr'>tota</span> <span class='ocrx_word' id='word_1_126' title='bbox 784 3161 1005 3221; x_wconf 89' lang='lat' dir='ltr'>autem</span> <span class='ocrx_word' id='word_1_127' title='bbox 1032 3156 1163 3222; x_wconf 89' lang='lat' dir='ltr'>hac</span> <span class='ocrx_word' id='word_1_128' title='bbox 1192 3166 1430 3222; x_wconf 86' lang='lat' dir='ltr'>nostra</span> <span class='ocrx_word' id='word_1_129' title='bbox 1459 3157 1960 3223; x_wconf 87' lang='lat' dir='ltr'>commentandi</span> <span class='ocrx_word' id='word_1_130' title='bbox 1991 3158 2249 3221; x_wconf 90' lang='lat' dir='ltr'>ratione</span> <span class='ocrx_word' id='word_1_131' title='bbox 2275 3155 2441 3220; x_wconf 89' lang='lat' dir='ltr'>nihil</span> <span class='ocrx_word' id='word_1_132' title='bbox 2463 3161 2592 3232; x_wconf 83' lang='lat' dir='ltr'>est,</span> 
     </span>
     <span class='ocr_line' id='line_1_18' title="bbox 377 3257 2592 3342; baseline 0 -22"><span class='ocrx_word' id='word_1_133' title='bbox 377 3257 563 3339; x_wconf 80' lang='lat' dir='ltr'>quod</span> <span class='ocrx_word' id='word_1_134' title='bbox 609 3264 830 3322; x_wconf 90' lang='lat' dir='ltr'>tecum</span> <span class='ocrx_word' id='word_1_135' title='bbox 878 3278 1096 3341; x_wconf 85' lang='lat' dir='ltr'>agam,</span> <span class='ocrx_word' id='word_1_136' title='bbox 1140 3259 1407 3324; x_wconf 88' lang='lat' dir='ltr'>Lector.</span> <span class='ocrx_word' id='word_1_137' title='bbox 1496 3258 1629 3325; x_wconf 87' lang='lat' dir='ltr'>Per</span> <span class='ocrx_word' id='word_1_138' title='bbox 1679 3267 1901 3325; x_wconf 88' lang='lat' dir='ltr'>totum</span> <span class='ocrx_word' id='word_1_139' title='bbox 1952 3261 2180 3324; x_wconf 91' lang='lat' dir='ltr'>orbem</span> <span class='ocrx_word' id='word_1_140' title='bbox 2216 3258 2358 3342; x_wconf 88' lang='lat' dir='ltr'>jam</span> <span class='ocrx_word' id='word_1_141' title='bbox 2407 3258 2592 3321; x_wconf 87' lang='lat' dir='ltr'>sama</span> 
     </span>
     <span class='ocr_line' id='line_1_19' title="bbox 373 3459 2591 3548; baseline 0.002 -23"><span class='ocrx_word' id='word_1_142' title='bbox 373 3459 943 3548; x_wconf 77' lang='lat' dir='ltr'>illustrissimique</span> <span class='ocrx_word' id='word_1_143' title='bbox 975 3462 1430 3531; x_wconf 87' lang='lat' dir='ltr'>Montauzerii</span> <span class='ocrx_word' id='word_1_144' title='bbox 1455 3466 1672 3530; x_wconf 91' lang='lat' dir='ltr'>Ducis</span> <span class='ocrx_word' id='word_1_145' title='bbox 1704 3465 2021 3543; x_wconf 90' lang='lat' dir='ltr'>consilio,</span> <span class='ocrx_word' id='word_1_146' title='bbox 2051 3464 2330 3530; x_wconf 86' lang='lat' dir='ltr'>Latinos</span> <span class='ocrx_word' id='word_1_147' title='bbox 2359 3482 2591 3530; x_wconf 91' lang='lat' dir='ltr'>omnes</span> 
     </span>
     <span class='ocr_line' id='line_1_20' title="bbox 374 3555 2589 3654; baseline 0.002 -26"><span class='ocrx_word' id='word_1_148' title='bbox 374 3569 702 3643; x_wconf 81' lang='lat' dir='ltr'>auctoreS‚</span> <span class='ocrx_word' id='word_1_149' title='bbox 736 3571 803 3631; x_wconf 92' lang='lat' dir='ltr'>et</span> <span class='ocrx_word' id='word_1_150' title='bbox 840 3568 912 3630; x_wconf 88' lang='lat' dir='ltr'>in</span> <span class='ocrx_word' id='word_1_151' title='bbox 958 3555 1154 3632; x_wconf 76' lang='lat' dir='ltr'>usum</span> <span class='ocrx_word' id='word_1_152' title='bbox 1200 3568 1634 3633; x_wconf 88' lang='lat' dir='ltr'>Serenissimi</span> <span class='ocrx_word' id='word_1_153' title='bbox 1684 3567 2027 3654; x_wconf 89' lang='lat' dir='ltr'>Delphini,</span> <span class='ocrx_word' id='word_1_154' title='bbox 2076 3573 2143 3631; x_wconf 91' lang='lat' dir='ltr'>et</span> <span class='ocrx_word' id='word_1_155' title='bbox 2191 3568 2259 3631; x_wconf 90' lang='lat' dir='ltr'>in</span> <span class='ocrx_word' id='word_1_156' title='bbox 2299 3565 2589 3632; x_wconf 84' lang='lat' dir='ltr'>Gallicae</span> 
     </span>
    </p>
   </div>
   <div class='ocr_carea' id='block_1_4' title="bbox 363 3664 2704 3754">
    <p class='ocr_par' dir='ltr' id='par_1_5' title="bbox 363 3664 2704 3754">
     <span class='ocr_line' id='line_1_21' title="bbox 363 3664 2704 3754; baseline 0.002 -25"><span class='ocrx_word' id='word_1_157' title='bbox 363 3664 741 3748; x_wconf 83' lang='lat' dir='ltr'>juventutis</span> <span class='ocrx_word' id='word_1_158' title='bbox 793 3669 1076 3750; x_wconf 86' lang='lat' dir='ltr'>gratiam</span> <span class='ocrx_word' id='word_1_159' title='bbox 1134 3672 1312 3735; x_wconf 87' lang='lat' dir='ltr'>notis</span> <span class='ocrx_word' id='word_1_160' title='bbox 1362 3677 1432 3734; x_wconf 89' lang='lat' dir='ltr'>et</span> <span class='ocrx_word' id='word_1_161' title='bbox 1504 3670 2175 3754; x_wconf 88' lang='lat' dir='ltr'>interpretationibus</span> <span class='ocrx_word' id='word_1_162' title='bbox 2230 3670 2589 3734; x_wconf 86' lang='lat' dir='ltr'>illustrari:</span> <span class='ocrx_word' id='word_1_163' title='bbox 2699 3683 2704 3688; x_wconf 88' lang='grc'><strong><em>’</em></strong></span> 
     </span>
    </p>
   </div>
   <div class='ocr_carea' id='block_1_5' title="bbox 374 3769 2594 3956">
    <p class='ocr_par' dir='ltr' id='par_1_6' title="bbox 374 3769 2594 3956">
     <span class='ocr_line' id='line_1_22' title="bbox 374 3769 2594 3856; baseline 0.003 -27"><span class='ocrx_word' id='word_1_164' title='bbox 374 3774 599 3831; x_wconf 89' lang='lat' dir='ltr'>tamen</span> <span class='ocrx_word' id='word_1_165' title='bbox 628 3769 689 3832; x_wconf 92' lang='lat' dir='ltr'>si</span> <span class='ocrx_word' id='word_1_166' title='bbox 717 3770 917 3852; x_wconf 90' lang='lat' dir='ltr'>plura</span> <span class='ocrx_word' id='word_1_167' title='bbox 946 3769 1316 3849; x_wconf 82' lang='lat' dir='ltr'>desideraS,</span> <span class='ocrx_word' id='word_1_168' title='bbox 1351 3790 1435 3836; x_wconf 89' lang='lat' dir='ltr'>ea</span> <span class='ocrx_word' id='word_1_169' title='bbox 1464 3771 1590 3836; x_wconf 88' lang='lat' dir='ltr'>tibi</span> <span class='ocrx_word' id='word_1_170' title='bbox 1632 3773 1923 3856; x_wconf 87' lang='lat' dir='ltr'>petenda</span> <span class='ocrx_word' id='word_1_171' title='bbox 1966 3777 2121 3837; x_wconf 87' lang='lat' dir='ltr'>sunt</span> <span class='ocrx_word' id='word_1_172' title='bbox 2164 3791 2253 3836; x_wconf 80' lang='lat' dir='ltr'>ex</span> <span class='ocrx_word' id='word_1_173' title='bbox 2295 3772 2383 3836; x_wconf 88' lang='lat' dir='ltr'>iis</span> <span class='ocrx_word' id='word_1_174' title='bbox 2433 3791 2594 3855; x_wconf 79' lang='lat' dir='ltr'>quae</span> 
     </span>
     <span class='ocr_line' id='line_1_23' title="bbox 377 3868 1618 3956; baseline 0.008 -25"><span class='ocrx_word' id='word_1_175' title='bbox 377 3868 581 3933; x_wconf 87' lang='lat' dir='ltr'>Floro</span> <span class='ocrx_word' id='word_1_176' title='bbox 609 3878 837 3936; x_wconf 89' lang='lat' dir='ltr'>nostro</span> <span class='ocrx_word' id='word_1_177' title='bbox 859 3873 1349 3956; x_wconf 74' lang='lat' dir='ltr'>praemisimus,</span> <span class='ocrx_word' id='word_1_178' title='bbox 1409 3890 1420 3907; x_wconf 63' lang='lat'>⁸</span> <span class='ocrx_word' id='word_1_179' title='bbox 1617 3877 1618 3882; x_wconf 74' lang='grc'>’</span> 
     </span>
    </p>
   </div>
   <div class='ocr_carea' id='block_1_6' title="bbox 374 3966 2593 4157">
    <p class='ocr_par' dir='ltr' id='par_1_7' title="bbox 374 3966 2593 4157">
     <span class='ocr_line' id='line_1_24' title="bbox 465 3966 2593 4072; baseline 0.004 -40"><span class='ocrx_word' id='word_1_180' title='bbox 465 3966 670 4072; x_wconf 81' lang='lat' dir='ltr'>Nunc</span> <span class='ocrx_word' id='word_1_181' title='bbox 701 3971 789 4036; x_wconf 90' lang='lat' dir='ltr'>de</span> <span class='ocrx_word' id='word_1_182' title='bbox 820 3983 1113 4056; x_wconf 88' lang='lat' dir='ltr'>quatuor</span> <span class='ocrx_word' id='word_1_183' title='bbox 1140 3974 1393 4040; x_wconf 87' lang='lat' dir='ltr'>libellis</span> <span class='ocrx_word' id='word_1_184' title='bbox 1441 3975 1560 4060; x_wconf 92' lang='lat' dir='ltr'>qui</span> <span class='ocrx_word' id='word_1_185' title='bbox 1608 3975 1739 4043; x_wconf 90' lang='lat' dir='ltr'>hoc</span> <span class='ocrx_word' id='word_1_186' title='bbox 1778 3975 2111 4044; x_wconf 86' lang='lat' dir='ltr'>volumine</span> <span class='ocrx_word' id='word_1_187' title='bbox 2143 3976 2593 4064; x_wconf 86' lang='lat' dir='ltr'>continentur,</span> 
     </span>
     <span class='ocr_line' id='line_1_25' title="bbox 374 4074 1380 4157; baseline 0.008 -23"><span class='ocrx_word' id='word_1_188' title='bbox 374 4075 590 4135; x_wconf 85' lang='lat' dir='ltr'>tecum</span> <span class='ocrx_word' id='word_1_189' title='bbox 623 4074 862 4155; x_wconf 85' lang='lat' dir='ltr'>paucis</span> <span class='ocrx_word' id='word_1_190' title='bbox 893 4075 1225 4157; x_wconf 87' lang='lat' dir='ltr'>agendum</span> <span class='ocrx_word' id='word_1_191' title='bbox 1256 4085 1380 4142; x_wconf 90' lang='lat' dir='ltr'>est.</span> 
     </span>
    </p>
   </div>
   <div class='ocr_carea' id='block_1_7' title="bbox 380 4172 2596 4368">
    <p class='ocr_par' dir='ltr' id='par_1_8' title="bbox 380 4172 2596 4368">
     <span class='ocr_line' id='line_1_26' title="bbox 424 4172 2596 4264; baseline 0.004 -27"><span class='ocrx_word' id='word_1_192' title='bbox 424 4211 432 4216; x_wconf 52' lang='lat'><strong>2</strong></span> <span class='ocrx_word' id='word_1_193' title='bbox 463 4172 621 4238; x_wconf 83' lang='lat' dir='ltr'>Jam</span> <span class='ocrx_word' id='word_1_194' title='bbox 668 4175 833 4239; x_wconf 89' lang='lat' dir='ltr'>olim</span> <span class='ocrx_word' id='word_1_195' title='bbox 879 4177 1044 4242; x_wconf 83' lang='lat' dir='ltr'>viris</span> <span class='ocrx_word' id='word_1_196' title='bbox 1085 4177 1503 4245; x_wconf 89' lang='lat' dir='ltr'>doctissimis</span> <span class='ocrx_word' id='word_1_197' title='bbox 1544 4199 1942 4264; x_wconf 90' lang='lat' dir='ltr'>persuasum</span> <span class='ocrx_word' id='word_1_198' title='bbox 1963 4178 2100 4248; x_wconf 84' lang='lat' dir='ltr'>fuit</span> <span class='ocrx_word' id='word_1_199' title='bbox 2128 4177 2423 4245; x_wconf 89' lang='lat' dir='ltr'>libellum</span> <span class='ocrx_word' id='word_1_200' title='bbox 2456 4185 2475 4218; x_wconf 86' lang='lat'>‘</span> <span class='ocrx_word' id='word_1_201' title='bbox 2506 4179 2596 4245; x_wconf 83' lang='lat' dir='ltr'>de</span> 
     </span>
     <span class='ocr_line' id='line_1_27' title="bbox 380 4272 2590 4368; baseline 0.004 -31"><span class='ocrx_word' id='word_1_202' title='bbox 380 4272 653 4357; x_wconf 84' lang='lat' dir='ltr'>Origine</span> <span class='ocrx_word' id='word_1_203' title='bbox 692 4274 936 4344; x_wconf 84' lang='lat' dir='ltr'>Gentis</span> <span class='ocrx_word' id='word_1_204' title='bbox 983 4278 1361 4361; x_wconf 85' lang='lat' dir='ltr'>Romanae‚&#39;</span> <span class='ocrx_word' id='word_1_205' title='bbox 1404 4300 1541 4346; x_wconf 91' lang='lat' dir='ltr'>non</span> <span class='ocrx_word' id='word_1_206' title='bbox 1587 4301 1745 4349; x_wconf 87' lang='lat' dir='ltr'>esse</span> <span class='ocrx_word' id='word_1_207' title='bbox 1783 4281 2079 4368; x_wconf 87' lang='lat' dir='ltr'>ejusdem</span> <span class='ocrx_word' id='word_1_208' title='bbox 2131 4282 2433 4349; x_wconf 88' lang='lat' dir='ltr'>Victoris</span> <span class='ocrx_word' id='word_1_209' title='bbox 2469 4282 2590 4368; x_wconf 92' lang='lat' dir='ltr'>qui</span> 
     </span>
    </p>
   </div>
  </div>
 </body>
</html>
