3023 4942
379 354 496 421 356
1011 370 1242 420 sax'rr
1294 370 1617 420 Auitum:
1672 372 2024 424 vrc'roms

360 556 367 559 x
409 515 680 599 cognita
738 514 1265 598 Polymnestoris
1315 518 1642 599 perfidia²
1697 540 1784 585 ex
1845 519 2168 604 Polydori
2226 538 2416 598 nece,
2459 504 2615 585 inde

409 620 801 701 digressum,
849 620 1376 702 pervectumque
1425 621 1511 684 ad
1559 622 1838 686 insulam
1872 618 2147 699 Delum,
2190 629 2393 706 atque
2431 608 2619 686 illinc

403 722 502 785 ab
575 740 658 784 eo
690 794 695 799 ,
730 719 1109 796 Laviniam,
1168 719 1328 785 Anii
1390 723 1812 788 sacerdotis*
1868 713 2205 807 Apollinis
2261 724 2492 800 filiam,
2552 724 2620 786 in

410 823 904 888 matrimonium
951 824 1258 899 ascitam,
1290 843 1380 887 ex
1427 823 1622 908 cujus
1668 825 1938 890 nomine
1979 829 2002 862 ‘
2027 826 2316 891 Lavinia
2357 821 2621 891 littora'

408 923 815 1010 appellata.b
901 927 967 993 6.
1016 925 1389 1008 Postquam
1434 927 1517 1001 is,
1550 925 1771 990 multa
1801 928 2014 990 maria
2043 932 2459 1010 permensus,
2504 947 2619 1010 ap-

348 1092 362 1106 ,
412 1029 650 1112 pulsus
696 1030 785 1094 sit
822 1029 912 1093 ad
963 1028 1192 1092 Italiae
1246 1030 1803 1111 promontorium,
1844 1029 2024 1113 quod
2074 1037 2183 1094 est
2226 1028 2298 1092 in
2338 1030 2623 1107 Baiano,

411 1131 593 1195 circa
622 1130 875 1196 Averni
918 1131 1167 1208 lacum,
1212 1130 1444 1214 ibique
1478 1132 1983 1212 gubernatorem
2020 1124 2361 1196 Misenuni
2385 1132 2623 1194 morbo

413 1234 848 1311 absumtum,⁰
896 1232 1234 1315 sepultum
1268 1233 1355 1296 ab
1387 1252 1476 1297 eo
1503 1254 1522 1314 ;
1565 1254 1659 1299 ex
1689 1234 1887 1318 cujus
1917 1235 2188 1298 nomine
2228 1234 2457 1298 urbem
2490 1232 2622 1296 Mi-

413 1333 667 1400 senond
713 1335 1146 1418 appellatam,
1192 1342 1272 1399 ut
1313 1336 1519 1400 etiam
1564 1337 1797 1401 scribit
1832 1337 2090 1413 Caesar,
2131 1335 2625 1419 Pontificalium

411 1436 530 1525 lib.
569 1454 618 1501 1.
706 1434 846 1514 Qui
878 1445 1101 1500 tamen
1129 1436 1309 1502 hunc
1351 1436 1690 1502 Misenum
1732 1458 1872 1503 non
1916 1440 2454 1522 gubernatorem,
2502 1432 2656 1517 sed¹

414 1538 781 1604 tubicinem
820 1537 1036 1602 fuisse
1081 1537 1302 1604 tradit.
1388 1541 1454 1604 7.
1500 1539 1670 1603 Inde
1720 1560 1850 1604 non
1895 1542 2229 1605 immerito
2273 1526 2629 1623 utramque

418 1642 806 1725 opinionem
836 1638 1110 1705 secutus
1142 1640 1340 1705 Maro
1372 1643 1475 1706 sic
1506 1629 1767 1707 intulit·

588 1743 683 1808 At
710 1744 864 1826 pius
895 1743 1197 1807 AEneas⁶
1227 1743 1478 1826 ingenti
1504 1746 1679 1809 mole
1709 1745 2096 1829 sepulcrum

592 1845 912 1930 Imponit,
943 1865 1204 1928 suaque
1233 1864 1420 1912 arma
1447 1847 1622 1926 vire,
1651 1860 2044 1935 remumque
2070 1849 2454 1934 tubamque.
2459 1843 2482 1885 f

1412 2004 1637 2058 NOTAE

416 2108 507 2157 ilia
530 2105 597 2156 ad
613 2102 817 2170 Troj'am
840 2104 1059 2160 miserit,
1077 2104 1309 2155 Homero
1333 2111 1484 2155 teste.
1566 2121 1728 2171 usque
1762 2107 1827 2156 ad
1862 2114 2099 2157 extrema
2132 2107 2357 2158 Graeciae
2393 2113 2632 2169 tempora

419 2181 766 2233 Callimachus
811 2188 866 2230 et
909 2181 1212 2243 Euphorion
1261 2196 1294 2230 a
1345 2181 1487 2232 socio

420 2258 625 2322 Ulyssis
646 2258 838 2307 dictam
857 2256 1118 2321 scripsere
1138 2258 1244 2307 illic
1266 2259 1487 2322 sepulto,

422 2350 486 2385 eo
525 2342 762 2398 tempore
799 2349 901 2397 quo
944 2334 1124 2382 missus
1159 2343 1244 2383 est
1281 2336 1344 2382 ad
1379 2333 1489 2384 fru-

418 2419 597 2460 menta
639 2410 915 2474 portanda,
952 2418 1011 2459 ut
1051 2408 1213 2459 refert
1257 2410 1486 2458 Servius.

423 2489 560 2538 Haec
597 2488 755 2537 AEnos
796 2488 849 2535 in
893 2489 1190 2551 propinquo
1234 2487 1487 2552 Polydori

421 2564 675 2613 tumulum
697 2562 894 2610 habuit·
939 2561 1105 2610 AEnea
1127 2575 1249 2611 vero
1274 2562 1398 2611 urbs
1422 2563 1488 2612 ab

415 2633 587 2689 'AEnea
629 2638 912 2693 nominata,
960 2646 1017 2686 et
1058 2638 1122 2685 ab
1172 2638 1354 2687 eodem
1397 2654 1489 2687 ex·

423 2721 641 2771 structa,
664 2714 719 2763 in
745 2712 1094 2774 Cherroneso,
1115 2728 1231 2777 quae
1270 2713 1490 2763 Pallene

422 2804 659 2858 vocatur,
688 2794 752 2843 ad
776 2793 1099 2843 Thermaeum
1132 2793 1317 2848 sinum,
1352 2792 1489 2842 haud

388 2873 579 2940 *louge
616 2886 649 2920 a
681 2870 1071 2931 Thessalonica,
1106 2875 1165 2918 ut
1200 2869 1492 2918 luculenter

424 2955 654 2997 testatur
710 2946 884 3009 gravis
949 2952 1134 2995 auctor
1191 2946 1494 3009 Dionysius.

420 3023 602 3073 Graeci
619 3022 904 3082 scriptores
918 3019 1151 3069 disertim
1169 3020 1494 3084 distinguunt

425 3099 566 3151 Αἶνον
598 3106 653 3149 et
676 3098 881 3160 Αἴνειαν,
903 3105 963 3148 ut
984 3104 1040 3146 et
1062 3096 1194 3146 duas
1226 3097 1339 3148 illas
1367 3113 1495 3163 pen·

425 3177 623 3226 insulas
662 3175 963 3235 Thracicas,
1011 3188 1229 3239 quarum
1285 3188 1387 3223 una
1429 3173 1494 3223 ad

419 3254 642 3304 -Melana
663 3253 850 3315 sinum,
872 3252 1040 3301 altera
1058 3250 1123 3300 ad
1153 3252 1497 3309 Thermaeum,

428 3344 546 3396 quae
567 3336 621 3378 et
638 3327 1002 3378 Macedonica.
1040 3327 1172 3376 Haec
1195 3328 1498 3379 discrimina

430 3406 609 3456 Latini
644 3411 880 3455 auctores
915 3410 1127 3453 strenue
1158 3404 1500 3456 confundunt.

430 3485 571 3535 Nam
597 3482 845 3545 Virgilius
873 3481 1131 3531 Aineadas
1168 3484 1497 3557 vellEueam

429 3560 485 3609 in
509 3574 572 3609 eo
607 3560 720 3608 loco
755 3557 908 3607 condi
943 3556 1075 3606 facit
1101 3558 1165 3606 ab
1195 3558 1357 3608 AEnea
1383 3573 1499 3621 pro·

429 3634 574 3699 fugo,
597 3634 687 3682 ubi
712 3639 828 3681 erat
852 3633 1028 3681 AEnus.
1062 3632 1133 3682 Et
1156 3634 1327 3682 Mela:
1361 3641 1377 3662 ‘
1395 3635 1498 3682 Ex·
1573 3659 1578 3665 -

431 3713 556 3761 imia
579 3718 662 3759 est
686 3709 841 3758 AEnos
865 3708 932 3756 ab
957 3708 1115 3757 AEuea
1139 3707 1357 3772 profugo
1379 3724 1499 3758 con-

431 3778 576 3838 dita!
611 3788 895 3848 Perperam
919 3802 930 3831 :
964 3785 1171 3832 >diversa
1194 3784 1329 3831 enim
1355 3785 1498 3848 oppi-

433 3865 501 3914 da
523 3864 682 3913 AEnus
705 3870 762 3910 et
785 3860 966 3910 AEnea.
1009 3859 1114 3907 Sed
1139 3858 1335 3907 AEneiae
1360 3860 1499 3922 apud

435 3943 763 4007 geographos
822 3939 960 3988 nulla
1005 3938 1219 3999 mentio,
1261 3937 1398 4001 qnia,
1443 3944 1502 3987 ut

433 4018 721 4082 Dionysius
756 4022 812 4064 et
842 4013 1031 4063 Strabo
1067 4017 1345 4075 testantur,
1383 4027 1501 4062 eum

437 4169 729 4222 Cassandro
776 4168 829 4214 in
877 4178 1062 4212 nomen
1104 4164 1503 4222 Thessalonicae,

428 4262 553 4298 -cum
591 4246 656 4295 ab
690 4241 756 4293 e'o
793 4239 1124 4291 conderetur.
1191 4240 1349 4290 AEnus
1382 4253 1505 4290 vero

1569 2185 1871 2249 permansit
1937 2185 2102 2234 Plura
2134 2185 2254 2234 vide
2295 2184 2434 2248 apud
2473 2184 2633 2233 Salm.
2671 2215 2674 2219 <

1568 2262 1802 2311 Exercit.
1838 2261 1981 2310 Plin-

1646 2338 2062 2400 zpolymnestoris
2080 2338 2307 2404 perfidia]
2330 2338 2634 2402 Polymnes-

1570 2419 1656 2460 tor
1692 2413 1924 2461 Thraciae
1975 2427 2070 2463 rex
2124 2413 2247 2475 fuit,
2297 2416 2434 2479 apud
2479 2426 2634 2479 quem

1570 2487 1829 2550 Priamus,
1854 2489 2186 2553 periclitante
2212 2491 2385 2553 Troja,
2411 2490 2635 2554 Polydo-

1570 2578 1685 2612 rum
1708 2562 1869 2614 tilium
1894 2568 2037 2615 misit
2060 2582 2176 2615 cum
2200 2582 2387 2631 magna
2412 2568 2524 2616 auri
2548 2582 2637 2615 co-

1573 2641 1678 2704 pia,
1719 2648 1777 2691 ut
1815 2642 1882 2691 ad
1923 2643 2135 2692 meliora
2173 2643 2285 2692 fata
2315 2652 2637 2698 servaretur.

1548 2716 1699 2772 Sed,
1742 2725 1899 2782 capto
1943 2718 2063 2781 Ilio,
2105 2719 2471 2783 Polymnestor
2518 2733 2637 2768 eum

1574 2792 1684 2843 auri
1707 2794 1998 2857 cupiditate
2022 2793 2325 2843 trucidavit.
2623 2857 2630 2866 ,

1636 2874 1661 2902 ²
1691 2868 1963 2933 Lavinium,
1983 2870 2103 2919 Anii
2121 2870 2408 2935 sacerdotis]
2442 2871 2639 2922 Nescio

1572 2958 1699 3009 quos
1721 2945 2069 2996 hic‘auctores
2093 2947 2293 2995 Noster
2318 2955 2527 2997 secutus
2550 2949 2641 3005 sit,

1575 3023 1660 3085 qui
1696 3022 1964 3071 Laviniam
2001 3037 2099 3071 non
2137 3024 2310 3073 Latini
2353 3025 2509 3088 regis,
2544 3021 2640 3073 sed

1577 3096 1700 3146 Anii
1732 3099 2017 3148 sacerdotis
2048 3097 2207 3147 filiam
2242 3097 2391 3157 facit,
2423 3113 2640 3163 eamque

1578 3173 1631 3223 in
1658 3175 1813 3232 Delo,
1835 3189 1936 3223 non
1963 3175 2015 3223 in
2040 3173 2305 3239 Italiafab
2326 3175 2489 3224 AEuea
2514 3176 2641 3225 duc·

1578 3258 1705 3299 tam.
2077 3251 2090 3279 ·

1644 3325 1669 3359 b
1700 3325 1905 3375 Lavinia
1930 3326 2095 3376 littora
2115 3326 2379 3391 appellata]
2413 3327 2641 3378 Quidam

1581 3410 1752 3452 tamen
1776 3418 1841 3452 ea
1863 3403 1961 3452 hoc
1992 3410 2328 3453 nomen-ante
2351 3401 2526 3453 AEneae
2552 3404 2644 3468 ad·

1578 3484 1792 3527 ventum
1826 3477 2062 3527 habuisse
2097 3478 2438 3529 contendunt.
2505 3478 2644 3530 Vide

1581 3568 1699 3618 quae
1724 3553 1789 3602 de
1812 3568 1874 3601 ea
1897 3567 1952 3602 re
1976 3552 2288 3617 Erythraeus.

1646 3630 1807 3679 ⁰·Mm
1808 3630 1865 3678 bo
1897 3628 2187 3691 absumtum]
2230 3629 2398 3679 Immo
2429 3632 2445 3660 ‘
2468 3593 2645 3693 Indig-

1583 3720 1650 3755 na
1674 3710 1841 3755 morte
1864 3704 2185 3768 peremtum?
2213 3707 2299 3770 qui
2323 3705 2528 3755 scilicet
2550 3708 2645 3757 sub

1583 3782 1729 3845 aquis
1752 3795 1948 3829 mersus
1969 3778 2085 3830 fuit.

1646 3856 1671 3890 ‘¹
1711 3857 1888 3906 Urbem
1909 3858 2155 3920 Misenon]
2193 3858 2426 3907 Moutem
2463 3860 2645 3922 etiam,

1584 3932 1734 3994 Virg.
1752 3936 1767 3957 ⁴
1786 3933 1966 3983 Monte
1984 3934 2081 3981 sub
2098 3932 2258 3995 aerio,
2276 3935 2363 3997 qui
2387 3949 2523 3984 nunc
2542 3935 2646 3984 Mi-

1586 4024 1738 4058 senus
1760 4010 1826 4057 ab
1847 4008 1969 4064 ino:
1991 4012 2092 4057 ὅτε.
2160 4010 2350 4060 Miseni
2374 4011 2514 4060 urbis
2536 4001 2645 4061 me-

1585 4086 1735 4150 minit
1755 4085 1968 4147 Joseph.
1992 4085 2246 4148 Antiquit.
2278 4099 2404 4135 xlx.

1651 4170 1675 4228 ,⁸
1707 4162 1779 4210 At
1800 4161 1909 4223 pius
1930 4161 2135 4223 AEneas]
2172 4161 2376 4212 AEneid.
2397 4177 2474 4213 vl.
2499 4167 2613 4213 238.

1653 4237 1671 4271 f
1681 4247 1682 4250 ’
1698 4239 2004 4303 Remumque,
2051 4238 2325 4302 tubamque]
2376 4229 2530 4291 Quod
2565 4254 2646 4290 re·
