3023 4942
1068 383 1421 444 serrone,
1499 382 1662 439 ose.
1713 386 1842 434 xv.
2418 369 2549 436 397

338 534 608 595 tronum
640 525 878 611 magiS,
906 548 1111 612 quam
1140 530 1482 595 dominum
1523 532 2080 615 imperatoremve
2110 537 2544 614 reputarent3

336 651 707 716 omnesque
737 635 901 717 [uno
943 628 1148 713 ores]
1185 633 1256 708 in
1301 633 1683 698 coelestium
1724 651 1974 698 morem
2020 633 2388 717 propitium
2424 653 2551 716 op·

332 739 582 813 tanteS,
635 735 719 799 de
769 734 1246 818 controversiis
1305 735 1479 800 inter
1539 755 1614 800 se
1664 735 1968 819 judicem
2016 742 2392 819 poscerent.
2478 740 2544 799 4.

336 832 529 912 Quin
561 835 762 902 etiam
785 834 964 913 Indi,
993 835 1361 914 Bactriani,
1381 837 1694 922 Hyrcani
1712 837 1969 920 legatos
1994 838 2256 915 misere,
2280 837 2549 920 justitia

330 938 511 1000 tanti
541 937 970 1020 imperatoris
999 945 1365 1021 comperta,
1406 958 1613 1022 quam
1642 940 1925 1003 ornabat
1974 939 2167 1003 vultu
2199 939 2367 1002 serie
2398 941 2549 1023 pul-

331 1055 477 1115 cro,
511 1057 832 1121 procerus
861 1039 1186 1115 membra,
1232 1039 1553 1105 decenter
1581 1040 1903 1105 validus-⁸
1988 1041 2056 1104 5.
2101 1039 2307 1103 Prius
2338 1059 2545 1123 quam

331 1136 784 1203 salutandus¹²
843 1140 1172 1223 prodiret,
1221 1140 1594 1223 degustans
1636 1143 1831 1226 panis
1879 1143 2398 1226 aliquantulum,
2458 1162 2545 1206 ne
2637 1137 2641 1142 ’

252 1303 255 1306 ,
327 1240 735 1323 frigescente
770 1241 1018 1307 circum
1073 1243 1454 1325 praecordia
1492 1262 1614 1327 per
1648 1235 1973 1329 jejunium
2004 1244 2353 1327 sanguine,
2385 1245 2545 1307 viri·

329 1341 463 1407 bus
496 1344 728 1408 exesis
759 1343 1288 1427 interciperetur,
1316 1364 1533 1428 eoque
1564 1347 1741 1410 actui
1771 1346 2196 1428 publicorum
2221 1342 2543 1409 ‘minime‘

1256 1500 1620 1531 oeoooebeeeee

327 1606 525 1655 Schott.
590 1605 740 1655 Infra
759 1607 1074 1657 Veronensis
1097 1614 1148 1658 et
1171 1610 1504 1672 imperatorem
1524 1623 1636 1658 vere
1652 1612 1897 1672 putarent.
1934 1613 1949 1637 ⁴
1971 1607 2119 1656 Leid.
2137 1610 2184 1655 1.
2215 1612 2267 1655 et
2295 1607 2545 1655 Frobeui·

326 1685 428 1719 ana
453 1671 542 1719 ed.
570 1671 962 1734 Imperator-emec
979 1678 1224 1736 putarent.
1292 1672 1460 1723 Aldus
1483 1681 1541 1722 et
1573 1674 1843 1738 Grypbins
1882 1673 2222 1735 Imperatorem
2257 1686 2367 1721 vere
2398 1677 2546 1735 puta-

324 1736 471 1784 rent?
507 1735 698 1785 Arntz.
749 1737 937 1786 Statim
972 1746 985 1765 ‘
1010 1739 1118 1787 Uno
1139 1753 1221 1787 ore
1244 1739 1332 1788 alii
1351 1739 1620 1799 damnant,
1644 1740 1728 1803 (et
1751 1738 1939 1787 absunt
1960 1739 2063 1787 illae
2090 1752 2239 1786 voces
2263 1737 2330 1784 ab
2345 1738 2544 1801 aliquot

324 1800 517 1863 codd.)
535 1801 717 1857 alii‚ut
731 1802 1066 1859 Arntzeuius‚
1081 1801 1199 1866 (sed
1220 1804 1477 1865 exemplis
1497 1819 1614 1867 quae
1632 1804 1732 1853 huc
1754 1818 1859 1852 non
1881 1800 2168 1866 quadrant)
2184 1801 2406 1865 probant
2422 1817 2546 1850 con-

323 1863 678 1929 firmantque3
715 1865 1002 1928 Grunerus,
1019 1873 1282 1931 tamquam
1306 1877 1597 1932 suspectas,
1622 1869 1828 1918 inclusit
1849 1866 2030 1917 uncis.’
2046 1867 2195 1917 Harl.
2259 1867 2362 1915 Eas
2387 1880 2539 1915 voces

327 1931 527 1994 absque
543 1931 690 1978 uncis
714 1932 910 1981 habent
934 1934 1049 1980 aliae
1070 1932 1189 1981 edd.
1210 1940 1403 1996 praeter
1417 1934 1540 1996 Bip.
1577 1934 1841 1997 Omnesque
1861 1933 1915 1982 in
1936 1946 2114 1981 morem
2134 1932 2392 1980 coelestium
2410 1932 2544 1980 Mss.

324 2009 409 2057 ap.
430 1997 641 2045 Schott.
663 1995 844 2046 Guelf.
862 2004 917 2045 et
936 1996 1082 2046 Leid.
1101 2002 1148 2045 l.
1185 1999 1276 2047 sed
1300 1998 1451 2048 Leid.
1472 2003 1519 2047 1.
1540 2012 1629 2061 que
1645 2013 1746 2048 non
1766 1997 2113 2047 namium—4
2132 1996 2215 2045 Aa
2237 2011 2372 2058 quem
2394 1998 2543 2046 etiam

323 2059 742 2110 Senamoaesb.
763 2062 960 2125 Delph.
986 2062 1174 2110 Pitisc.
1228 2063 1319 2111 sed
1345 2064 1637 2112 veronens.
1666 2069 1722 2112 et
1747 2064 1874 2112 Μαι.
1892 2076 1978 2125 ap.
2008 2060 2212 2110 Schott.
2234 2064 2349 2123 quin
2378 2062 2543 2117 etiam,

321 2133 383 2172 nt
395 2124 576 2174 Guelt’.
601 2132 656 2173 et
674 2124 877 2176 Leidd.
897 2141 981 2189 ap.
997 2125 1181 2175 Arntz.
1211 2141 1328 2175 cum
1349 2126 1683 2190 Ald.Grypb.
1700 2129 1997 2190 ceterisque
2011 2131 2143 2175 vett.
2157 2126 2279 2175 edd.
2295 2131 2350 2174 et
2372 2132 2541 2185 recte‚·

312 2188 500 2252 judice
522 2187 713 2238 Arntz.
734 2197 792 2237 ut
810 2198 1000 2254 augeat
1033 2191 1084 2238 id
1120 2192 1258 2254 quod
1287 2192 1443 2253 priori
1475 2192 1800 2256 paragrapho
1824 2198 2189 2255 praecesserat.
2252 2190 2384 2237 Tum
2408 2190 2540 2239 Bac·

322 2256 481 2303 triani
503 2269 683 2303 omnes
723 2257 927 2318 scripti,
959 2256 1056 2305 nisi
1099 2256 1237 2319 quod
1277 2265 1527 2319 corrupte
1556 2258 1789 2307 Bactiani
1826 2254 1974 2306 Leid.
1992 2260 2041 2305 2.
2072 2255 2163 2304 sed
2202 2254 2380 2303 Bactri
2420 2254 2539 2305 Ald.

321 2319 528 2368 Schott.
550 2318 747 2368 Gaesb.
769 2322 960 2383 Delpb.
986 2320 1171 2370 Pitisc.
1238 2321 1366 2369 Mox
1400 2322 1417 2349 ‘
1432 2323 1558 2370 serie
1575 2336 1641 2371 ex
1663 2322 1817 2371 codd.
1840 2327 2187 2383 reposuerunt
2209 2318 2457 2368 Schottus
2483 2327 2539 2369 et

324 2381 580 2433 Arntzen.
599 2398 816 2448 quorum
842 2386 1096 2446 posterior
1117 2400 1251 2434 nove
1275 2387 1471 2435 dictum
1497 2402 1593 2449 pro
1614 2387 1739 2435 serio
1770 2386 1999 2450 accepit,
2028 2385 2237 2448 copiose
2276 2386 2537 2446 interpre-

327 2456 503 2512 tatus3
542 2449 909 2512 imperatorem
934 2456 989 2500 et
1036 2451 1439 2514 pulcritudinem
1472 2460 1529 2501 et
1566 2452 1872 2515 gravitatem
1908 2464 1999 2500 ore
2033 2450 2349 2514 praetulisse,
2387 2448 2536 2512 cujus

324 2513 513 2565 formae
540 2529 642 2563 non
663 2516 828 2564 minus
851 2517 1179 2566 auctoritatis
1202 2532 1353 2580 quam
1379 2517 1565 2579 gratiae
1583 2521 1800 2567 inesset.
1855 2517 2030 2579 Magis
2055 2522 2229 2565 tamen
2254 2514 2432 2575 placet
2457 2515 2534 2563 illi

320 2580 482 2629 lectio
496 2577 624 2630 cod.
649 2580 800 2629 Leid.
819 2585 868 2629 1.
903 2584 1062 2630 vultus
1085 2582 1237 2630 series
1268 2585 1454 2646 pulcra,
1482 2582 1536 2630 h.
1556 2596 1605 2631 e.
1638 2589 1765 2646 apta
1800 2583 1891 2632 illa
1925 2580 2149 2646 partium
2174 2579 2443 2643 dispositio
2479 2581 2535 2628 in

322 2642 484 2701 facie,
509 2658 627 2706 quae
649 2660 742 2694 suo
765 2644 950 2694 ordine
982 2647 1223 2711 justoque
1245 2654 1432 2696 ornatu
1457 2655 1576 2695 sunt
1599 2647 1901 2710 dispositae:
1940 2654 1996 2695 at
2016 2647 2125 2694 haec
2148 2645 2410 2708 expositio
2434 2645 2536 2692 dis-

322 2709 491 2770 plicet
514 2709 782 2771 Grnnem,
807 2710 898 2774 qui
917 2711 1127 2772 conjicit
1153 2725 1293 2774 quam
1322 2711 1520 2761 ornabat
1555 2713 1716 2761 vultus
1748 2713 1974 2762 serietate
2002 2712 2188 2774 pulcra.
2252 2709 2402 2757 Mihi·
2425 2710 2538 2773 qui-

323 2772 444 2822 dem
469 2775 646 2839 placet
670 2777 752 2823 vel
775 2777 932 2825 lectio
955 2775 1074 2825 edd.
1099 2785 1330 2824 veterum
1355 2776 1420 2824 ab
1444 2775 1581 2824 Aldo
1618 2785 1753 2839 orta,
1789 2779 1923 2826 vultu
1957 2790 2120 2825 sereno
2158 2780 2209 2824 et
2233 2775 2415 2837 pulcro,
2451 2774 2537 2823 vel

320 2840 496 2901 potius
522 2840 816 2889 emendatio
843 2840 1035 2892 Klotzii
1074 2840 1126 2888 in
1158 2840 1386 2890 Miscell.
1409 2840 1541 2890 crit.
1567 2856 1620 2904 p.
1640 2845 1724 2891 40.
1748 2844 1883 2891 vultu
1903 2855 2065 2890 sereno
2082 2842 2263 2903 pulcer,
2287 2838 2533 2902 quemad-

321 2905 535 2953 modum
561 2907 734 2954 statim
758 2906 991 2966 sequitur
1023 2905 1039 2932 ‘
1059 2918 1305 2967 procerus
1331 2906 1577 2962 membra,
1599 2906 1853 2956 decenter
1872 2902 2107 2955 validus?
2124 2903 2141 2927 '
2176 2905 2326 2953 Harl.
2392 2903 2532 2965 Vide

321 2967 453 3018 Not.
477 2971 775 3033 Delph.-5
809 2970 967 3019 Panis
987 2971 1283 3032 aliquantum
1303 2970 1436 3020 Mss.
1461 2985 1550 3032 ap.
1581 2972 1784 3020 Schott.
1849 2970 1997 3021 Infra
2026 2974 2218 3018 actuum
2244 2962 2535 3031 publicorum

321 3031 564 3084 laboribus
602 3034 725 3084 Aid.
759 3035 967 3085 Schott.
1007 3035 1206 3085 Gaesb.
1251 3035 1441 3100 Delph.
1470 3035 1658 3086 Pitisc.
1694 3041 1876 3087 contra
1911 3037 2043 3085 Mss.
2075 3041 2132 3083 et
2168 3034 2533 3082 Veronense·-

1219 3178 1223 3182 ’
1294 3234 1298 3239 ,
1322 3179 1539 3231 NOTAE

322 3287 440 3322 suos
464 3275 555 3324 illa
576 3283 887 3338 tempestate
907 3292 1057 3342 reges
1074 3278 1387 3341 habuerunt,
1467 3277 1750 3327 decenter'
1786 3281 1959 3336 vocat,
1992 3289 2142 3340 quem
2172 3273 2396 3335 Capitol.
2426 3282 2531 3324 sta·

320 3349 414 3398 sed
439 3352 555 3401 fere
577 3367 640 3402 ex
664 3354 990 3416 imperatoris
1014 3355 1229 3404 Romani
1251 3355 1387 3403 ordi·
1469 3361 1588 3403 tura
1624 3355 1828 3403 elevata
1859 3352 2123 3401 decorum.
2152 3349 2168 3378 ⁸
2186 3351 2310 3399 Fuit
2328 3344 2532 3400 statura

322 3427 567 3491 natioue;
599 3436 659 3478 ut
693 3428 904 3491 Albani,
937 3430 1099 3489 Iberi,
1133 3430 1386 3493 Zydritae‚
1463 3430 1675 3479 elevata
1697 3427 1955 3497 decorus.'
2190 3430 2200 3440 '

324 3501 473 3566 Lazi,
496 3503 709 3568 Apsilia,
730 3504 949 3570 Abasgi,
965 3507 1259 3571 Lanigae‚et
1278 3507 1384 3555 alii'.
1530 3504 1557 3539 ¹²
1589 3507 1741 3557 Prius
1755 3521 1895 3569 quam
1914 3503 2214 3566 salutandus]
2249 3501 2532 3564 Capitolio.

323 3576 545 3628 Casaub.
1304 3574 1309 3582 '
1382 3606 1383 3609 ¹
1465 3581 1482 3612 ⁸
1507 3582 1805 3648 Antequam
1828 3581 2135 3631 salutatores
2157 3578 2415 3632 venirent,
2438 3592 2529 3641 pa-

386 3651 406 3686 s
442 3657 550 3706 Uno
594 3656 696 3720 ore]
730 3656 867 3706 Haec
899 3671 1002 3706 non
1037 3663 1299 3720 apparent
1330 3656 1383 3705 in
1463 3673 1583 3709 nem
1606 3661 1798 3710 siccum
1830 3658 2059 3708 comedit·
2080 3654 2145 3705 ad
2168 3654 2532 3703 sustentandas

320 3726 453 3779 Mss.
475 3734 566 3781 sed
591 3740 879 3796 agnoscunt
905 3747 1081 3783 omnes
1103 3733 1230 3782 editi
1252 3749 1268 3794 3
1292 3747 1382 3782 ne·
1466 3735 1637 3786 vires.’
1700 3736 1845 3784 Bene
1869 3747 2019 3783 mane
2041 3732 2402 3781 salutabantur
2422 3729 2529 3779 Im-

321 3819 424 3867 que
466 3824 592 3858 vero
636 3809 923 3866 abundant,
971 3814 1028 3858 ut
1069 3806 1251 3859 volunt
1288 3810 1383 3858 viri
1465 3820 1733 3875 peratores
1759 3826 1774 3860 z
1824 3811 1965 3875 iique
2008 3808 2134 3857 nihil
2182 3805 2529 3869 degustabant

320 3879 637 3946 doctissimi3
668 3887 825 3935 immo
847 3893 903 3935 et
925 3887 1221 3935 necessaria
1243 3886 1382 3950 sunt,
1464 3892 1764 3953 priusquam
1788 3887 2162 3946 salutarentur,
2186 3883 2278 3932 sed
2296 3883 2421 3953 hora
2439 3881 2530 3929 de·

320 3961 336 3982 ‘
354 3971 455 4009 uno
476 3975 564 4009 ore
589 3961 900 4025 poscerent,'
921 3965 1021 4012 ὅτε.
1464 3978 1601 4013 mum
1650 3964 1810 4012 tertia
1856 3963 1934 4011 vel
1979 3970 2183 4027 quarta.
2237 3959 2321 4008 vel
2365 3957 2525 4006 etiam

384 4041 412 4076 Β
435 4036 667 4087 Procerus
685 4037 910 4102 membra,
931 4039 1152 4091 decenter
1172 4037 1380 4100 validus]
1462 4047 1617 4088 sexta
1637 4038 1723 4102 qui
1747 4052 1849 4087 non
1869 4037 2213 4100 prandebant.

320 4107 620 4176 Distingue,
680 4124 738 4164 ut
791 4114 989 4178 optime
1043 4115 1380 4165 casaubonus
1528 4115 1543 4148 ¹
1574 4117 1737 4177 quue
1756 4113 1883 4163 actui
1900 4113 2189 4174 publicorum
2208 4109 2399 4159 minime
2422 4107 2524 4171 [ac-

321 4187 456 4247 apud
496 4190 865 4254 Capitolinum,
914 4183 1141 4256 procerus
1177 4190 1382 4239 membra
1460 4198 1596 4241 tuum
1614 4192 1904 4255 publicorum
1920 4188 2154 4238 laboribus
2169 4185 2383 4247 minime]
2408 4185 2523 4234 Me-

320 4262 553 4330 decenter,
573 4270 775 4322 validus.
808 4271 824 4298 ‘
846 4271 1128 4322 Procerum
1154 4269 1382 4321 membra
1461 4270 1561 4320 lius
1584 4269 1715 4320 Mss.
1742 4269 1904 4331 quue
1919 4265 2049 4316 actui
2063 4263 2358 4328 publicorum
2380 4263 2524 4311 mini·
