3023 4942
726 430 826 480 nn
874 426 1084 479 virus
1135 428 1648 480 rnnus'rmsus
1697 429 1860 479 cn.
1909 431 2123 480 sxvr.
2398 416 2529 483 195
2617 455 2625 463 -

316 573 423 640 bis
449 572 710 640 Latinis
740 572 1142 653 civitatem,‘¹
1183 576 1372 659 plebi
1404 596 1625 658 agroS,
1656 575 2005 660 equitibus
2035 573 2309 654 curiam,
2340 594 2530 641 sena-

310 676 410 763 ·tui
452 676 770 760 judicia⁶
823 664 1150 760 permisit.
1254 680 1319 741 5.
1369 678 1624 744 Nimiae
1672 679 2096 744 liberalitatis
2145 679 2315 743 fuit:
2377 677 2532 760 ipse

312 779 521 864 etiam
554 779 926 863 professu5‚
959 780 1206 843 nemini
1240 799 1314 843 se
1347 780 1434 844 ad
1465 780 1881 863 largiendum
1912 786 2153 865 praeter
2183 780 2433 847 coelum
2458 783 2536 843 et

319 877 632 944 coenumf
675 882 1075 964 reliquisse3
1132 882 1425 966 ideoque
1477 902 1631 962 cum
1685 884 1979 966 pecunia
2028 888 2269 965 egeret,
2320 882 2536 947 multa

317 989 551 1046 contra
596 983 977 1065 dignitatem
1025 984 1201 1048 fecit.
1290 986 1353 1049 6.
1400 983 1837 1066 Magulsam,⁸
1881 983 2311 1049 Mauritaniae
2356 983 2533 1066 prin-

317 1083 561 1167 cipem,
626 1086 713 1148 ob
762 1085 938 1166 regis
989 1084 1396 1150 simultatem
1457 1084 1834 1170 profugum,
1895 1093 2184 1168 accepta
2242 1085 2537 1167 pecunia

318 1183 647 1251 Bocchoh
698 1185 1042 1269 prodidit:
1100 1206 1299 1268 quem
1348 1187 1458 1251 ille
1510 1186 1872 1270 elephanto
1918 1185 2194 1269 objecit‘.
2281 1189 2347 1251 7.
2392 1184 2535 1249 Ad-

313 1287 679 1364 herbalem,
736 1287 945 1351 filium
1006 1289 1180 1370 regis
1233 1286 1725 1365 Numidarum,5
1786 1289 2091 1353 obsidem
2152 1287 2334 1351 domi
2388 1306 2536 1351 suae

318 1389 585 1465 sumsit,
626 1389 1107 1453 redemtionem
1161 1389 1308 1473 ejus
1357 1391 1698 1455 occultam
1746 1410 1790 1455 a
1834 1399 2029 1474 patre
2082 1407 2383 1472 sperans.
2471 1387 2537 1449 8.

319 1486 762 1574 Caepionem*
809 1489 1158 1571 inimicum
1205 1492 1588 1556 actionibus
1633 1492 1781 1555 suis
1824 1492 2273 1564 resistentem,
2315 1490 2430 1563 ait,
2465 1508 2539 1553 se

319 1589 403 1664 de
466 1609 640 1653 saxo
704 1589 1002 1674 Tarpeio
1077 1593 1672 1675 praecipitaturum.
1783 1593 1850 1656 9.
1912 1590 2214 1668 Consuli,
2275 1591 2540 1672 legibus

320 1690 610 1774 agrariis
639 1692 1007 1770 resistenti,
1031 1693 1126 1757 ita
1150 1694 1400 1757 collum
1425 1694 1496 1757 in
1530 1693 1802 1759 comitio
1834 1689 2162 1771 obtorsit‚¹
2189 1700 2263 1758 ut
2292 1692 2541 1756 multus

318 1794 603 1876 sanguis
643 1792 939 1859 efflueret
981 1814 1021 1859 e
1062 1795 1379 1876 naribus3
1414 1815 1647 1880 ,quam
1689 1795 1865 1859 illem
1913 1795 2251 1861 luxuriam
2297 1813 2544 1877 expro-

1251 1956 1620 1977 OOONOO‘OCOO

316 2037 528 2090 Boend.
548 2039 701 2088 noluit
735 2053 829 2102 pro
851 2040 1118 2090 soloin—5
1147 2039 1417 2090 Libertatis
1440 2039 1627 2092 Arntz.
1662 2057 1778 2091 cum
1803 2041 1992 2091 Pitise.
2025 2038 2174 2091 Leid.
2221 2045 2271 2090 2.
2305 2046 2362 2089 et
2388 2039 2545 2089 Fran.

317 2104 449 2154 Tum
496 2111 614 2167 post
666 2103 908 2166 professus
945 2107 1127 2154 inserit
1167 2106 1292 2156 nihil
1322 2103 1420 2154 Ed.
1465 2120 1545 2168 pr.
1636 2108 1816 2156 Coelum
1855 2105 1902 2157 e}
1949 2112 2125 2155 terram
2159 2103 2384 2168 Agripp.
2424 2118 2544 2153 cum

280 2173 300 2197 ⁸
318 2170 436 2221 aliis
461 2185 478 2217 ε
526 2171 693 2218 coeium
712 2175 759 2218 et
778 2171 930 2218 solam
957 2170 1166 2236 quidam
1190 2185 1276 2232 ap.
1299 2169 1501 2219 Schott.
1555 2171 1745 2232 liquisse
1770 2171 1869 2231 Ed.
1907 2186 1983 2233 pr.
2018 2179 2072 2219 et
2113 2177 2333 2234 uterque
2373 2168 2542 2231 Lugd.

317 2235 519 2297 liquisse
549 2235 709 2295 itaque
734 2234 832 2282 Ed.
859 2239 1038 2296 pr.—-6
1062 2235 1406 2296 Magadalsam
1427 2235 1551 2284 libb.
1576 2243 1703 2285 vett.
1761 2236 2039 2297 Magulsum
2061 2235 2297 2285 Gramm.
2344 2233 2546 2294 Magal-

304 2299 421 2358 sum
446 2299 599 2347 Leid.
622 2302 668 2348 1.
694 2299 851 2348 Boeco
867 2299 965 2348 Ed.
982 2304 1158 2362 pin—‘1
1179 2300 1348 2348 ‘Domi
1368 2313 1467 2347 suoe
1486 2303 1676 2351 sumsit.
1715 2299 1941 2363 Agripp.
1964 2313 2181 2348 excusus
2202 2300 2386 2347 domum
2410 2312 2546 2346 suam

317 2364 512 2412 sumsit.
544 2364 675 2412 Mss.
708 2365 879 2413 verius
913 2365 1040 2413 domi
1073 2379 1173 2414 suae
1210 2364 1493 2428 suppressit,
1528 2363 1612 2426 [ut
1636 2364 1836 2415 Gaesb.
1861 2367 1929 2414 D.
1956 2364 2044 2427 P.]
2080 2364 2415 2411 redemtionem
2445 2362 2547 2421 ejus

317 2430 554 2478 occultam
575 2441 788 2491 sperans.
833 2429 987 2492 vnig.
1007 2427 1221 2479 occulte?
1242 2428 1508 2478 schottus.
1565 2431 1581 2457 ‘
1599 2429 1881 2493 Suppressit
1913 2427 2124 2482 defendi
2152 2432 2330 2491 potest
2352 2440 2417 2475 ex
2442 2425 2544 2474 iliis

318 2509 436 2557 quse
466 2495 646 2543 attulit
666 2508 878 2556 magnos
903 2495 1135 2544 Gronov.
1160 2493 1224 2542 ad
1251 2494 1439 2543 Senec.
1468 2493 1537 2543 de
1558 2495 1649 2544 Ira
1666 2497 1754 2545 lib.
1786 2507 1877 2543 ιιι.
1899 2509 2015 2557 cap.
2039 2496 2089 2543 8.
2115 2508 2232 2557 pag.
2257 2497 2369 2542 108.
2437 2491 2544 2540 Sed

318 2559 500 2608 sumsit
526 2557 810 2622 praeferunt
833 2574 1011 2609 omnes
1041 2560 1174 2609 Mss.
1199 2564 1253 2606 et
1289 2558 1410 2607 edd.
1448 2573 1548 2609 nec
1571 2574 1754 2609 sensus
1790 2560 2028 2623 requirit,
2054 2566 2114 2609 ut
2149 2565 2336 2609 contra
2365 2569 2547 2604 eorum

323 2624 696 2673 auctoritatem
719 2628 990 2689 quicquam
1012 2624 1357 2674 intrudamus.
1421 2624 1621 2674 Sumsit
1638 2626 1777 2674 euim
1802 2625 1939 2673 domi
1955 2639 2081 2684 suae,
2101 2623 2243 2684 quia,
2265 2631 2326 2671 ut
2340 2627 2544 2682 notum,

323 2687 538 2738 obsides
560 2689 614 2738 in
647 2689 811 2738 libera
846 2689 1083 2739 custodia
1117 2689 1368 2738 darentur
1396 2689 1722 2752 principibus
1758 2691 1898 2738 viris.
1966 2690 2165 2738 Οεοιιιιε
2188 2685 2365 2753 [Ald.]
2387 2687 2548 2735 Fran.

322 2754 566 2803 Gramm.
586 2761 640 2801 et
663 2752 798 2802 edd-²
832 2756 1109 2803 Arata—9
1129 2753 1359 2817 Philippo
1371 2755 1553 2803 consuli
1575 2755 1777 2805 Schott.
1802 2754 1869 2804 G.
1888 2755 1957 2804 D.
1980 2754 2046 2803 P.
2090 2754 2288 2803 intorsit
2309 2750 2546 2801 Gramm.

322 2827 384 2868 et
407 2818 534 2866 edd.
572 2817 797 2880 Agripp.
829 2826 887 2869 et
921 2820 1053 2868 Ven.
1120 2819 1250 2867 Tum
1280 2809 1616 2883 'effunderetur
1651 2833 1750 2882 pro
1779 2821 1994 2885 efflueret
2039 2819 2226 2881 scripti
2264 2815 2420 2867 codd.
2456 2830 2545 2879 ap.

320 2884 534 2933 Schott.
555 2892 610 2931 et
642 2884 797 2932 Fran.
853 2885 912 2933 de
933 2883 1130 2934 nav-ibus.
1166 2892 1426 2947 preterea
1450 2884 1687 2934 scribunt
1722 2884 1896 2934 Haun.
1919 2890 1975 2933 et
2001 2882 2146 2932 Leid.
2181 2887 2231 2931 2.
2300 2881 2365 2929 Iu
2401 2895 2547 2944 seqq.

326 2964 433 3012 quoe
456 2948 544 2996 illa
559 2948 755 3008 luxuria
776 2949 1069 3011 exprobrans
1095 2948 1215 2998 mori
1249 2954 1409 2999 autem
1424 2950 1566 2999 detur
1587 2950 1772 3000 dixisse
1791 2948 1979 2999 dicebat
1996 2948 2095 2997 Ed.
2119 2962 2198 3012 pr.
2235 2945 2328 2995 lue
2350 2947 2547 2996 luxuria

395 3175 422 3209 ἃ
454 3174 651 3225 Latinis
669 3174 939 3240 civitatem]
973 3175 1139 3223 Immo
1155 3175 1397 3239 jnscivi·
1551 3174 1920 3229 ¹Adherbalem,
1954 3173 2121 3238 filium
2146 3168 2278 3231 regis
2319 3164 2552 3229 Numa]

332 3253 460 3303 tatis
482 3252 546 3299 iis
572 3259 771 3299 tantum
796 3251 1034 3312 promisit
1056 3251 1282 3308 Drusus.
1472 3251 1720 3314 Micipsae
1757 3252 2002 3308 scilicet;
2038 3246 2269 3312 quamvis
2298 3246 2395 3294 hoc
2424 3243 2548 3291 mibi

397 3336 419 3361 θ
451 3326 654 3376 Senatui
661 3324 872 3389 judicia]
907 3326 1039 3376 Quae
1065 3340 1227 3389 penes
1252 3325 1396 3390 equi·
1478 3329 1640 3377 etiam
1665 3334 1966 3390 suspectum
1991 3331 2091 3373 est.
2532 3329 2538 3334 '

333 3409 416 3453 tes
447 3408 617 3451 eram.
1546 3402 1569 3436 ⁸
1606 3400 1898 3466 Cepionem]
1929 3397 2205 3448 Servilium
2244 3394 2550 3459 Caepionem

401 3475 420 3511 ¹
455 3478 650 3526 Proeter
689 3478 857 3526 coelum
898 3483 946 3527 et
989 3479 1198 3543 soenam]
1254 3479 1395 3528 Flor.
1477 3479 1566 3544 qui
1590 3478 1797 3541 equites
1822 3474 2109 3525 asserebat.
2453 3493 2456 3500 ·

332 3554 350 3581 ‘
377 3554 544 3603 Extat
579 3567 679 3603 vox
718 3554 903 3616 ipsius,
941 3553 1068 3602 nihil
1101 3568 1157 3603 se
1198 3553 1266 3603 ad
1299 3555 1398 3602 lar·
1544 3553 1559 3587 ¹
1597 3554 1841 3617 Obtorsit]
1902 3553 2007 3601 Per
2044 3551 2295 3601 viatorem
2319 3549 2420 3597 hoc
2441 3545 2551 3596 fac-
2630 3601 2652 3618 Ι

336 3632 587 3697 gitionem
624 3631 716 3681 ulli
752 3632 1045 3695 reliquisse,
1079 3631 1174 3680 nisi
1208 3632 1250 3680 si
1281 3631 1398 3696 quis
1478 3636 1589 3680 tum
1629 3628 1790 3680 fuisse
1833 3629 1908 3680 ait
1947 3629 2084 3679 Flor.
2118 3626 2206 3676 alii
2249 3640 2346 3690 per
2382 3623 2548 3674 Drusi

326 3715 427 3758 aut
460 3721 661 3755 coenum
693 3705 928 3756 dividere
951 3707 1130 3766 vellet,
1167 3714 1262 3757 aut
1296 3721 1398 3756 coe·
1478 3707 1745 3756 clientem.

334 3783 494 3833 lum.'
569 3784 743 3833 Cicer.
786 3798 881 3847 pro
927 3782 1185 3833 Rabirio:
1238 3789 1252 3811 ⁴
1278 3796 1399 3831 exe·
1545 3790 1583 3816 ¹¹¹
1622 3783 1779 3839 Quam
1821 3781 1929 3846 ille]
1982 3779 2285 3843 Legendum
2336 3775 2544 3826 omniuo

336 3859 533 3911 oranda
575 3860 668 3908 illa
715 3874 813 3909 vox
856 3860 911 3909 in
956 3859 1119 3908 libera
1166 3873 1273 3921 rep.
1322 3859 1400 3908 M.
1480 3874 1618 3923 quem
1647 3860 1747 3923 ille,
1779 3866 1836 3909 ut
1869 3857 2065 3921 optime
2101 3856 2312 3906 doctiss.
2344 3855 2551 3904 Schott.

337 3937 534 3987 Drusi:
576 3937 719 3986 Nihil
749 3950 804 3984 se
841 3936 906 3985 ad
943 3936 1269 4000 largitionem
1311 3936 1401 3984 ulli
1480 3936 1614 3985 Cum
1638 3936 1831 3984 multus
1853 3931 2062 3995 sanguis
2097 3929 2337 3980 efflueret
2359 3944 2388 3977 e
2410 3927 2550 3976 nari·

340 4012 633 4075 reliquisse,
654 4012 753 4062 nisi
780 4012 825 4061 si
849 4012 961 4076 quis
984 4019 1075 4062 aut
1094 4026 1299 4061 coeuum
1323 4011 1400 4059 di·
1481 4011 1598 4074 bus,
1620 4025 1738 4059 eum
1763 4011 1985 4063 Drusus,
2009 4007 2058 4056 ei
2080 4007 2335 4055 luxuriam
2362 4016 2553 4067 expro-

340 4086 519 4150 videre
540 4088 716 4144 vellet,
741 4093 830 4137 aut
854 4086 1075 4138 emtum?
1122 4113 1126 4122 ·
1483 4088 1660 4141 brans,
1700 4099 1805 4134 nou
1840 4083 2160 4146 sanguinem,
2198 4080 2288 4130 sed
2332 4079 2549 4128 muriam

401 4170 427 4207 3
463 4164 763 4228 Magulsam]
802 4164 923 4214 Hoc
963 4165 1015 4213 in
1057 4164 1273 4215 historia
1300 4177 1401 4213 -me
1482 4160 1550 4210 de
1575 4160 1741 4210 turdis
1761 4173 1874 4208 esse
1895 4157 2121 4207 dicebat.
2174 4155 2351 4204 Muria
2373 4164 2547 4202 autem

340 4240 526 4302 legisse
548 4256 651 4291 nou
675 4242 902 4291 memini.
1479 4238 1746 4300 liquamen
1760 4233 1864 4285 fuit
1882 4232 2019 4299 quod
2036 4233 2337 4296 plerumque
2353 4244 2381 4279 e
2399 4229 2550 4294 thyn-

406 4315 430 4349 ἢ
465 4315 675 4380 Boccho]
709 4315 1044 4368 Mauritaniae
1077 4315 1204 4379 regi.
1481 4313 1584 4369 nis,
1630 4310 1892 4368 interdum
1940 4308 2100 4358 etiam
2143 4320 2208 4355 ex
2264 4305 2402 4369 aliis,
2438 4306 2549 4355 sive
