3023 4942
517 386 650 460 312

519 554 771 621 devicit
791 573 813 636 3
855 573 1149 640 moxque
1172 552 1697 639 Regallianum,‘¹
1720 558 1835 640 qui
1853 558 2149 642 receptis
2172 557 2520 634 militibus,
2539 578 2706 644 quos

519 654 831 721 Mursina
857 657 1093 722 labes·
1131 659 1424 741 reliquos
1461 658 1726 733 fecerat,
1767 658 2012 723 bellum
2062 659 2558 743 duplicaverat.
2644 661 2704 726 3.

521 758 660 822 His
687 778 1033 843 prospere,
1075 779 1159 825 ac
1205 780 1415 843 supra
1458 765 1616 825 vota
1661 761 2087 839 cedentibuS,
2128 781 2309 827 more
2351 763 2710 840 hominum,

522 860 837 925 secundis
883 863 1194 940 solutior,
1243 881 1378 926 rem
1421 861 1804 927 Romanam
1856 865 2054 946 quasi
2112 863 2458 946 naufragio
2505 864 2709 941 dedit,

521 980 671 1025 cum
704 962 1017 1028 Salonino
1047 960 1235 1041 filio,f
1262 965 1373 1029 cui
1416 964 1738 1028 honorem
1768 963 2066 1028 Gaesaris
2098 965 2508 1042 contulerat,
2537 965 2710 1029 adeo

519 1065 621 1127 uti
650 1064 1004 1130 Thraciam
1028 1065 1282 1131 Gothiss
1302 1066 1510 1131 libere
1539 1068 1901 1150 progressi,
1934 1066 2356 1131 Macedonas
2388 1065 2713 1131 Achaeos-

521 1185 653 1248 qne
699 1173 766 1231 et
795 1167 984 1234 Asiae
1014 1168 1296 1232 finitima
1325 1176 1768 1251 occuparent:
1816 1167 2395 1253 Mesopotamiam
2441 1168 2712 1233 Parthi:

524 1266 782 1333 Orienti
823 1270 1115 1335 latrones
1157 1290 1277 1335 seu
1318 1267 1598 1335 mulierh
1642 1269 2141 1337 dominaretur:
2189 1270 2714 1335 Alamannorum

520 1371 629 1433 vis
660 1375 814 1436 tunc
846 1369 1075 1456 aequei
1127 1372 1439 1453 Italiam:
1492 1373 1901 1437 Francorum
1933 1368 2220 1455 genteS,¹‘
2251 1371 2518 1453 direpta
2549 1371 2712 1435 Gal-

521 1470 634 1550 lia,
670 1471 1078 1556 Hispaniam
1118 1474 1568 1559 possiderent,
1598 1481 1865 1540 vastato
1895 1495 1976 1539 ac
2009 1494 2207 1557 paene
2256 1473 2519 1556 direpto
2547 1472 2717 1537 Tar-

519 1576 982 1639 raconensium
1023 1572 1324 1659 oppido,¹
1360 1577 1715 1660 nactisque
1756 1577 1825 1639 in
1877 1582 2177 1660 tempore
2221 1570 2533 1657 navigiiS,
2554 1593 2716 1658 pars

521 1673 589 1739 in
630 1695 844 1761 usque
878 1676 1177 1743 Africam
1206 1687 1617 1762 permearet:
1662 1688 1733 1743 et
1764 1678 2018 1743 amissa
2056 1684 2235 1743 trans
2260 1677 2535 1755 Istrum,
2558 1697 2713 1760 quae

1118 408 1348 460 SBX'H
1397 409 1720 460 Aunnml
1772 410 2122 461 VICTORIS

1428 1828 1457 1850 0
1463 1828 1493 1849 0
1497 1828 1523 1848 0
1528 1826 1797 1848 000000000

523 1922 636 1957 esse
654 1908 706 1956 in
723 1912 827 1958 vet.
850 1907 939 1957 lib.
961 1913 1182 1958 testatur
1195 1910 1394 1960 Schott.
1448 1910 1574 1958 Mox
1598 1908 1661 1956 ad
1685 1909 1847 1959 verba
1871 1909 2225 1971 Regallionnm,
2248 1908 2367 1958 vide
2386 1909 2511 1958 Not.
2529 1907 2721 1970 Delph-

520 1977 618 2021 ——3
634 1973 823 2023 ‘Libere
833 1975 1091 2037 progressi.
1129 1976 1267 2026 Quid
1284 1976 1327 2025 si
1344 1973 1583 2039 pergressi
1596 1978 1617 2020 ?
1640 1989 1669 2022 a
1686 1989 1789 2039 qua
1810 1990 1937 2024 voce
1955 1984 2081 2025 aetas
2104 1975 2194 2023 illa
2216 1988 2314 2022 non
2336 1972 2720 2023 abhorruit.·'1n

520 2036 628 2086 Ms.
655 2037 866 2088 Traccha
888 2037 997 2086 fere
1019 2039 1283 2096 scribitur,
1316 2041 1628 2102 aspiratione
1653 2040 1703 2086 in
1728 2040 2003 2090 secundam
2024 2038 2273 2103 syllabam
2297 2036 2721 2088 tralata.'Schott.

492 2166 495 2167 ⁷
518 2103 687 2164 Supra
707 2108 763 2152 at
785 2103 837 2150 in
862 2104 1111 2153 Thraciam
1132 2105 1326 2154 mavult
1348 2105 1532 2154 Arntz.
1568 2103 1837 2154 Praeterea
1851 2105 2221 2154 Alamannorum
2239 2104 2305 2165 oi,
2322 2109 2435 2152 tnnc
2450 2117 2581 2167 oeqne
2599 2109 2721 2151 ante

522 2168 726 2217 Schott.
749 2168 1042 2230 legebatur.
1108 2169 1484 2221 Alamannorum
1502 2170 1573 2218 vis
1594 2169 1731 2232 conj.
1753 2169 1995 2233 Sylburg.
2029 2169 2165 2218 Vide
2188 2168 2236 2216 N
2241 2176 2313 2218 ot.
2331 2169 2523 2233 Delpb.
2555 2174 2570 2196 ⁸
2595 2168 2720 2216 Sen-

523 2234 602 2281 sui
627 2231 883 2281 satisfacit
904 2234 1211 2298 conjectura
1244 2234 1522 2298 Sylburgii,
1562 2233 1656 2281 nisi
1680 2235 1888 2297 paulum
1921 2233 2114 2297 frigeat¹
2135 2239 2247 2282 tunc
2267 2248 2415 2296 oeqne.
2477 2234 2724 2282 Fortasse

521 2296 734 2345 nimium
759 2313 790 2346 a
813 2299 973 2348 ditctu
994 2301 1261 2349 literarum
1287 2301 1482 2347 abirem
1507 2312 1784 2359 reponens,
1799 2299 2053 2348 Alemanni
2075 2299 2320 2346 Rhoetiam
2334 2303 2477 2360 atque
2492 2298 2717 2347 Italiam:

522 2364 599 2410 uti
624 2362 841 2413 Orosius
877 2377 977 2412 vu.
998 2369 1083 2414 22.
1117 2372 1132 2394 ⁶
1149 2364 1400 2413 Germani
1438 2363 1678 2424 Alpibus,
1713 2363 1937 2426 Rhama,
1966 2370 2181 2427 totaque
2206 2362 2357 2412 Italia
2381 2360 2728 2425 penetrata.’'

522 2426 698 2477 Arntz.
766 2429 1006 2492 Denique
1035 2430 1051 2457 ‘
1076 2429 1249 2480 Per-sin
1269 2443 1432 2493 nsque.
1468 2427 1689 2477 Vetusta
1713 2429 1902 2489 lectio;
1940 2427 2075 2478 unde
2100 2427 2278 2478 divisis
2303 2426 2616 2477 dictionibus
2640 2426 2720 2476 cl.

521 2492 792 2543 Puteanus
817 2502 868 2543 et
895 2495 941 2543 N
949 2494 1015 2544 ic.
1034 2495 1204 2544 Faber
1221 2510 1338 2558 pars
1358 2495 1411 2544 in
1430 2508 1575 2556 nsque
1596 2492 1823 2554 Africam
1840 2498 2169 2559 permearent:
2202 2492 2331 2542 illud
2362 2499 2534 2543 tamen
2555 2489 2728 2542 malo.'

1505 2606 1724 2656 NOTAE

585 2693 611 2727 ἆ
644 2694 1014 2758 Regallianum]
1076 2694 1184 2744 Alii
1239 2697 1584 2759 Regillianum,

522 2769 606 2817 vel
642 2770 793 2819 unico
825 2771 861 2827 l,
899 2772 1225 2833 Regilianum.
1262 2771 1328 2830 A,
1351 2775 1365 2799 ‘
1390 2772 1581 2837 Regili-

521 2843 618 2905 us,’
646 2845 942 2907 Regilianus.
976 2845 1051 2895 At
1068 2847 1379 2910 Regalianus,
1399 2851 1458 2897 a‘
1481 2851 1581 2898 Re·

526 2919 694 2983 galis.'
744 2921 902 2971 Hunc
936 2929 952 2952 ‘
972 2921 1393 2973 'trebellianum’
1427 2930 1582 2974 vocat

522 2997 743 3060 Eutrop.
763 3003 1010 3061 corrupte
1032 3005 1091 3046 ut
1114 3004 1262 3061 puto.

587 3079 612 3105 ⁰
642 3072 865 3135 Receptis
905 3072 1157 3135 militibus,
1197 3088 1314 3137 quos
1354 3074 1583 3125 Marsina

521 3148 673 3212 labes]
709 3148 900 3198 Pollio:
939 3155 955 3178 ‘
978 3150 1274 3214 Imperator
1306 3158 1388 3201 est
1409 3150 1581 3202 factus

524 3225 828 3277 auctoribus
873 3227 1076 3291 imperii
1119 3229 1301 3277 Moesis
1340 3230 1428 3292 qui
1464 3244 1582 3279 cum

525 3303 764 3366 Ingenuo
785 3301 993 3352 fueraut
1015 3311 1138 3353 ante
1159 3304 1429 3367 superati.’

587 3378 610 3410 f
637 3379 865 3428 Salonino
887 3378 1025 3444 filio]
1067 3379 1336 3429 Saloninus
1369 3380 1436 3429 de
1474 3395 1584 3430 ma-

525 3456 618 3505 tris
640 3455 848 3504 nomine
871 3454 1060 3510 dictus,
1082 3470 1196 3520 quae
1224 3457 1467 3507 Cornelia
1487 3458 1577 3505 Sa·

523 3532 700 3581 tonina
738 3530 874 3593 Pipa
926 3530 1230 3581 dicebatur:
1288 3531 1396 3590 alii,
1441 3532 1583 3598 quod

525 3605 662 3669 apud
687 3607 902 3656 Salonas
923 3614 1096 3657 natus.

588 3690 616 3726 s
651 3682 903 3732 Thraciam
922 3680 1097 3745 Gothi]
1119 3682 1291 3732 Pollio
1309 3682 1360 3732 in
1385 3683 1585 3734 Gallie·

361 3744 367 3762 ’
442 3811 445 3814 ,
524 3757 639 3807 nis:
676 3765 691 3787 ⁸
717 3758 880 3808 Gothi
915 3766 972 3809 et
1006 3759 1242 3822 Clodius,
1263 3758 1329 3808 de
1353 3775 1454 3823 quo
1478 3759 1589 3809 dic-

526 3841 636 3884 tum
655 3841 736 3885 est
757 3836 1016 3899 superius,
1037 3836 1305 3899 occupatis
1327 3836 1587 3895 Thraciis,

524 3913 888 3963 Macedoniam
932 3920 1220 3971 vastarunt,
1261 3913 1588 3962 Thessaloni-

525 4004 638 4039 cam
663 3988 999 4049 obsederunt,
1023 4002 1190 4052 neque
1203 4002 1415 4051 usquam
1439 3990 1585 4054 quies

1666 2694 1926 2745 Olivsrius
1959 2694 2183 2759 legebat,
2206 2693 2577 2743 Alemannornm
2610 2698 2723 2742 tane

1661 2771 1768 2835 equi
1812 2771 2027 2832 Italiam,
2066 2772 2361 2820 Francorum
2410 2775 2597 2831 gentes,
2648 2771 2724 2818 di·
2784 2794 2810 2825 ς

1660 2852 1797 2911 repta
1844 2846 2029 2909 Gallia,
2070 2846 2362 2909 Hispaniam
2394 2845 2725 2909 possiderent:

1661 2937 1780 2972 nam
1812 2920 2090 2971 Alemanni
2117 2921 2355 2985 equitatu
2393 2928 2595 2971 tantum
2637 2935 2726 2969 va·

1660 2999 1789 3047 lent.
1853 2997 1967 3060 Ego
1994 3011 2117 3045 vero
2151 3010 2251 3045 uon
2287 2995 2615 3045 incommode
2649 2996 2725 3043 le·

1664 3075 1719 3139 gi
1752 3089 1907 3139 posse
1943 3074 2191 3130 arbitror,
2212 3072 2481 3124 Alemanno
2508 3088 2617 3124 ram
2648 3071 2724 3121 vis

1666 3159 1777 3203 tane
1806 3168 1938 3217 aeque
1976 3155 2201 3210 Italiam,
2223 3153 2521 3204 Francorum
2558 3156 2723 3213 gestes

1663 3231 1851 3294 direpta
1886 3230 2074 3293 Gallia,
2095 3229 2390 3293 Hispaniam
2408 3226 2723 3293 possiderent.

1663 3306 2039 3357 Alemannorum
2115 3306 2213 3366 vis,
2274 3318 2370 3368 pro
2438 3302 2455 3331 ‘
2479 3300 2724 3351 Aleman-

1664 3380 1782 3445 nis,’
1817 3390 1875 3432 ut
1910 3381 1992 3431 vis
2021 3380 2251 3431 Herculis
2285 3394 2381 3443 pro
2418 3378 2434 3406 ‘
2454 3373 2725 3433 Hereu1e‚'

1661 3461 1762 3507 ὅτε.

1726 3531 1750 3565 ¹¹
1783 3532 2076 3583 Francorum
2106 3528 2298 3592 gentes]
2350 3527 2542 3578 Franci
2573 3526 2725 3576 iidem

1666 3609 1786 3658 olim
1810 3609 1898 3672 qui
1928 3607 2196 3658 Germani.
2261 3607 2333 3655 Et
2369 3606 2386 3634 ⁴
2408 3600 2726 3653 Germanos’

1667 3691 1817 3735 vocat
1863 3686 2087 3747 Eutrop.
2122 3696 2251 3747 quos
2294 3681 2380 3730 hic
2424 3680 2441 3708 ‘
2466 3676 2728 3730 Francos.’

1669 3763 1685 3791 ‘
1711 3762 2002 3818 Alemanni,
2028 3759 2245 3811 vastatis
2278 3756 2486 3820 Galliis,
2504 3757 2558 3806 in
2579 3756 2727 3806 ltali-

1669 3854 1751 3890 am
1785 3840 2122 3903 irruperunt3
2177 3835 2425 3885 Germani
2469 3846 2631 3897 nsque
2672 3831 2723 3880 in

1668 3914 1970 3979 Hispaniam
2014 3917 2441 3977 penetraverunt,
2462 3915 2520 3959 et
2547 3909 2725 3958 civita·

1668 3997 1790 4041 tem
1816 3991 2043 4040 nobilem
2078 3990 2423 4054 Tarraconem
2465 3996 2723 4048 expugua-

526 4064 864 4115 mediocriter
898 4065 1124 4113 salutem
1165 4071 1432 4115 ostentare
1477 4067 1592 4117 visa
1653 4065 1895 4148 jerunt)

410 4151 422 4162 ·
528 4141 645 4192 est.’

592 4217 618 4252 ι
652 4217 854 4281 Matar]
889 4183 1120 4267 zenobia
1137 4216 1362 4267 odenati
1388 4232 1538 4268 uxor.

615 4293 1028 4344 ¹A1amannornm
1059 4295 1135 4344 vis
1165 4294 1267 4360 [vi]
1301 4301 1413 4346 tnnc
1431 4296 1587 4363 oeqne]

1731 4142 1747 4176 ¹
1779 4140 2200 4192 Tarraconensinm
2244 4136 2441 4201 oppido]
2508 4135 2574 4186 In
2612 4135 2720 4198 ipso

1662 4218 1818 4267 maris
1838 4214 2220 4264 Mediterranei
2244 4214 2443 4279 littore,
2460 4210 2571 4263 fere
2595 4225 2624 4261 e
2645 4224 2719 4259 re-

1664 4296 1813 4361 gione
1836 4293 2155 4343 Balearium.
