3023 4942
494 370 629 438 304

497 534 709 598 multo
727 538 890 616 post
912 532 1202 596 tumultu
1232 531 1619 597 militarium
1642 528 1887 596 Clodio
1906 537 1935 579 ⁸
1964 526 2380 612 Caecilioque
2397 526 2425 565 ¹³
2459 527 2696 595 Romae

496 636 670 698 intra
699 633 1023 716 palatium
1052 633 1273 708 caesis,
1305 631 1700 697 Gordianus
1731 631 1917 697 solus
1945 650 2212 714 regnum
2240 632 2552 696 obtinuit.
2637 635 2699 698 7.

499 736 739 817 quue
785 731 1000 799 annoi
1044 734 1238 798 lustri
1283 735 1664 811 certamine,
1695 732 1872 817 quod
1905 731 2093 797 Nero
2134 731 2428 797 Romam
2468 732 2699 796 invex-

498 833 693 912 erat,¹‘
726 842 920 901 aucto
948 834 1366 920 firmatoque,
1396 836 1462 898 in
1494 833 1740 898 Persas
1767 833 2113 919 profectus
2142 841 2285 917 est3
2329 854 2486 899 cum
2515 835 2701 920 prius

496 936 660 1003 ‘Jani
693 934 920 1010 aedes‚¹
961 956 1137 1021 quas
1178 936 1460 1003 Marcus
1504 937 1908 1015 clauserat,¹¹²
1947 942 2256 1020 patentes
2290 955 2478 1001 more
2521 943 2698 1002 vete-

497 1061 646 1106 rum
696 1040 990 1106 fecisset.
1077 1040 1143 1104 8.
1200 1039 1313 1103 Ibi
1360 1046 1556 1122 gesto
1606 1038 1958 1122 insigniter
2005 1039 2215 1115 bello,
2265 1037 2492 1104 Marci
2545 1039 2701 1104 Phi-

496 1141 674 1227 lippi
705 1142 1007 1226 praefecti
1035 1142 1353 1227 praetorio
1383 1142 1651 1207 insidiis
1677 1142 2229 1225 periitfflsexennio
2257 1141 2579 1227 imperii.¹¹

1493 1290 1713 1341 No'rAE

499 1387 851 1451 Imperatores
875 1387 1046 1439 factos
1071 1388 1157 1438 die
1181 1392 1262 1437 18.
1287 1387 1471 1438 Martii
1490 1386 1558 1438 A.
1637 1402 1738 1453 que
1776 1403 1912 1439 anno
1954 1387 2339 1453 peragebatur3
2372 1402 2403 1437 a
2438 1387 2702 1439 Gordiano

500 1465 567 1514 U.
589 1470 706 1516 987.
729 1468 929 1517 occisos
953 1481 1127 1517 mense
1152 1465 1375 1516 Octobri
1401 1465 1466 1515 A.
1488 1465 1561 1516 U.
1639 1472 1812 1514 autem
1834 1464 2112 1523 firmatum,
2141 1479 2274 1514 anno
2296 1464 2493 1515 Christi
2512 1468 2628 1514 240.
2650 1474 2706 1514 et

494 1546 612 1591 990.
637 1543 889 1593 tumultus
912 1557 1036 1592 vero
1059 1559 1090 1592 a
1114 1543 1199 1592 die
1222 1543 1351 1592 Maii
1376 1546 1461 1591 2⁷.
1493 1541 1561 1591 A.
1637 1547 1769 1591 tunc
1794 1542 2018 1593 lustrum
2043 1548 2219 1591 actum
2250 1542 2570 1591 tricesimum
2589 1556 2705 1607 sep·

496 1618 565 1668 U.
584 1614 701 1668 988.
719 1634 881 1682 usque
901 1619 968 1669 ad
1000 1619 1284 1669 eorundem
1315 1619 1559 1668 Maximi·
1643 1617 1847 1668 timum.

495 1708 680 1745 norum
708 1703 927 1744 mortem
958 1708 1351 1759 perseverasset
1387 1695 1460 1744 ita
1501 1700 1562 1746 ut

1098 385 1327 436 SEXTI
1379 385 1540 435 ΑΗΒ
1551 385 1708 434 8121!
1757 384 2112 435 vlcwoms

1705 1692 1720 1727 ¹
1757 1694 1879 1743 Cum
1910 1693 2049 1757 prius
2076 1694 2200 1744 Jani
2232 1694 2380 1758 oedes]
2423 1693 2705 1756 Capitolia.

496 1770 895 1821 Maximinorum
919 1772 1157 1835 imperio,
1181 1772 1321 1835 qnod
1344 1771 1446 1821 fuit
1469 1787 1560 1822 an-

493 1847 550 1895 ni
587 1847 754 1906 unius,
791 1850 1039 1897 mensium
1077 1847 1315 1907 duorum,
1353 1849 1560 1898 dierum

495 1935 598 1971 vn.
620 1938 714 1986 per
735 1924 1051 1973 diversarum
1070 1922 1354 1974 factionum
1371 1926 1561 1975 tumul·

497 2005 602 2053 tus,
625 2006 676 2046 et
702 2013 885 2052 moran.
908 2013 1068 2048 annus
1105 2014 1236 2050 unus
1272 2007 1328 2050 et
1357 2015 1559 2053 menses

494 2070 608 2122 fere
632 2075 857 2138 quinque
880 2075 1083 2137 quaesiti
1115 2077 1238 2124 sint.
1290 2124 1323 2142 ε,

563 2158 590 2206 ,ε
626 2151 816 2215 Clodio]
852 2152 914 2204 C.
959 2151 1144 2203 Clodio
1180 2153 1415 2204 Maximo
1452 2154 1563 2205 Pu·

497 2241 669 2291 preno.

562 2301 587 2336 Ι·
626 2300 932 2366 Coecilioque]
981 2304 1222 2354 Balbino.
1308 2305 1560 2358 Quamvis

496 2379 772 2428 Balbinum
803 2382 821 2409 ⁶
842 2380 1137 2430 Caecilium’
1173 2388 1413 2432 vocatum
1440 2397 1559 2431 nus-

499 2466 650 2520 quam
675 2457 864 2513 inveni,
888 2458 979 2507 sed
1002 2457 1018 2486 ‘
1035 2459 1253 2509 Caelium
1268 2457 1302 2509 ε’
1323 2474 1560 2509 nummus

488 2533 633 2598 ,apud
661 2531 1016 2596 onuphr-inim
1042 2533 1153 2595 jam
1175 2547 1353 2596 supra.

562 2608 577 2641 ¹
603 2608 762 2672 quue
782 2606 929 2670 anno]
961 2606 1028 2657 A.
1046 2610 1113 2659 U.
1131 2610 1193 2659 C·
1212 2613 1326 2659 892.
1353 2616 1472 2676 post
1495 2608 1560 2661 C.

495 2688 613 2734 240.

540 2759 566 2794 Β
585 2760 752 2809 Lami
772 2759 1047 2818 certamine,
1067 2762 1191 2824 quod
1208 2762 1343 2811 Nero
1360 2762 1561 2811 Romam

494 2835 767 2898 invexerat]
802 2837 943 2886 Nero
977 2846 1216 2900 quartum
1249 2840 1437 2887 consul
1468 2853 1559 2886 an·-

494 2928 561 2963 no
577 2913 768 2963 Christi
791 2918 873 2963 60.
896 2914 1272 2978 quinquennale
1293 2924 1562 2966 certamen

496 2989 741 3046 instituit,
763 2989 900 3054 quod
925 2990 1114 3053 triplex
1146 2989 1266 3048 fuit,
1288 2992 1558 3053 musicum,

496 3066 810 3129 gymnicum,
835 3072 891 3117 et
913 3075 1194 3132 equestre;
1225 3068 1407 3135 quinto
1431 3082 1559 3133 qno-

1641 1769 1694 1820 lu
1719 1770 1987 1821 Gordiano
2014 1771 2203 1820 tertio:
2241 1777 2257 1800 ‘
2280 1771 2630 1832 Praetextato,
2650 1777 2707 1820 et

1641 1846 1793 1898 Attio
1826 1862 1959 1899 coss.
1996 1845 2314 1903 Gordianus,
2349 1854 2538 1910 aperto
2569 1847 2706 1898 Jano

1643 1923 1888 1987 Gemino,
1927 1923 2070 1988 quod
2112 1923 2313 1986 signum
2357 1930 2479 1972 erat
2522 1923 2706 1972 indicti

1644 1999 1789 2057 belli,
1836 1998 2100 2064 profectus
2150 2006 2236 2048 est
2283 2006 2468 2048 contra
2514 1998 2704 2047 Persas

1642 2088 1759 2125 cum
1784 2073 2288 2138 exercitu-ingenti,’
2307 2077 2409 2124 ὅτε.
2475 2075 2564 2124 De
2589 2088 2705 2137 por-

1639 2154 1713 2202 tis
1739 2153 1864 2204 Jani
1895 2167 2012 2218 quae
2046 2160 2247 2214 spertae
2282 2151 2497 2214 bellum,
2517 2151 2704 2199 clausae

1638 2244 1826 2294 pacem
1879 2226 2259 2293 significabant,
2302 2226 2444 2292 apud
2496 2227 2705 2276 Florum

1639 2305 1836 2355 dictum
1868 2313 1969 2355 est.
2461 2295 2476 2304 ⁸

1704 2388 1743 2415 ¹¹¹
1778 2382 1913 2438 Quas
1939 2382 2138 2431 Marcus
2171 2377 2433 2442 clauserat]
2466 2379 2705 2430 Marcum

1639 2459 2017 2524 Imperatorem
2050 2457 2315 2521 clausisse,
2344 2457 2533 2513 nullus,
2567 2455 2702 2520 quod

1638 2537 1819 2598 sciam,
1843 2536 2072 2601 scriptor
2106 2534 2352 2600 prodidit.
2416 2534 2488 2583 Et
2520 2534 2702 2582 mirum

1640 2612 1868 2670 videtur,
1889 2613 2119 2662 clausum
2143 2611 2226 2659 hic
2249 2610 2348 2659 dici
2373 2609 2439 2658 ab
2474 2623 2538 2658 eo
2568 2610 2704 2672 prin·

1637 2689 1777 2753 cipe,
1818 2688 1965 2752 cnjus
2008 2685 2331 2749 temporibus
2368 2685 2455 2732 vix
2495 2684 2599 2733 ulla
2639 2684 2706 2733 ab

1637 2764 1875 2814 hostibus
1912 2761 2013 2812 fuit
2048 2762 2210 2827 quies,
2244 2767 2301 2810 et
2336 2760 2425 2826 qui
2461 2761 2616 2809 etiam
2652 2761 2703 2809 in

1636 2838 1977 2903 expeditione
2008 2840 2157 2896 obiit,
2185 2838 2322 2888 bello
2361 2837 2702 2887 cummaxime

1639 2917 1880 2968 ardente.

1705 2998 1732 3024 ⁸
1763 2991 2002 3041 Sexennio
2015 2988 2234 3054 imperii]
2267 2987 2553 3052 Capitolia.
2572 2988 2704 3037 ‘Im-

1640 3068 1848 3134 peravit
1868 3067 2167 3119 Gordianus
2192 3065 2340 3115 annis
2361 3064 2496 3115 sex.'

1265 3482 1479 3549 CAP.
1541 3481 1923 3549 XXVIII.

930 3617 1264 3665 Pmmrm
1315 3620 1499 3679 DUO,
1545 3619 1801 3667 PATER
1851 3619 1946 3665 ΕΤ
1994 3618 2273 3667 muns

579 3729 645 3792 1.
690 3729 970 3796 Ion'ruu
1035 3732 1316 3815 Marcus
1371 3735 1607 3802 Julius
1659 3735 2059 3823 Philippus⁸
2106 3736 2357 3811 Arabs,
2408 3735 2697 3800 Thraco·

489 3830 728 3910 nites?
778 3840 1000 3898 sumto
1056 3836 1126 3900 in
1181 3838 1598 3903 consortium
1657 3838 2028 3924 Philippo⁶
2085 3838 2287 3917 filio,‘¹
2353 3839 2556 3903 rebus
2612 3836 2697 3901 ad

1487 4002 1709 4054 NOTAE

558 4097 584 4124 ⁸
616 4091 812 4140 Marcus
842 4093 1008 4143 Julius
1042 4096 1317 4162 Philippus]
1363 4100 1559 4150 Sumsit

494 4165 762 4227 imperium
787 4166 855 4215 A.
878 4168 946 4217 U.
966 4174 1078 4220 996.
1104 4183 1225 4236 post
1248 4176 1308 4225 C.
1330 4174 1399 4224 N.
1417 4179 1534 4225 244.

559 4242 584 4276 δ
613 4241 790 4308 Arabs,
808 4243 1134 4314 Thr-aconita]
1162 4252 1243 4301 Ex
1261 4266 1325 4301 ea
1348 4251 1556 4302 Arabia

1637 4108 1788 4165 parte
1823 4117 1942 4167 quae
1976 4101 2306 4153 Thraconitis
2342 4101 2554 4167 dicitur,
2584 4114 2694 4165 qna

1637 4176 1691 4226 in
1715 4178 2014 4227 Pala-atina.
2689 4191 2696 4204 ’

1703 4261 1727 4290 θ
1760 4254 2010 4319 Philippo]
2038 4253 2142 4307 Qui
2164 4254 2319 4305 Caius
2334 4253 2509 4305 Julius
2522 4253 2695 4304 Satur·

2151 4435 2180 4442 Q
