3023 4942
492 404 627 470 212

493 567 775 631 itinere¹¹
823 565 1193 648 superavit.
1280 563 1348 629 8.
1405 562 1580 629 Mox
1609 582 1764 629 eum
1794 565 2141 646 rogatione
2170 561 2479 648 Sulpicia
2498 570 2527 600 ⁰
2577 564 2696 629 im-

491 669 750 752 perium
779 665 923 751 ejus
942 675 970 716 P
1001 666 1468 731 transferretur
1485 665 1573 729 ad
1595 664 1915 742 Marium,
1933 666 2004 728 in
2029 663 2304 730 Italiam
2335 683 2697 747 regressus,

488 770 821 853 corruptis
879 767 1413 833 adversariorum
1472 767 1943 843 exercitibu5,‘¹
1998 766 2380 831 Carbonem
2406 774 2429 802 ¹
2491 767 2698 831 Italia

489 869 797 954 expulit:
874 870 1167 935 Marium
1226 868 1410 953 apud
1472 868 1982 951 Sacriportum,⁸
2039 867 2467 933 Telesinum‘
2514 867 2698 952 apud

488 978 753 1056 portam
807 971 1185 1038 Collinam⁰
1217 974 1411 1037 =vicit.
1494 971 1566 1035 9.·
1608 960 1878 1036 Mario¹
1924 964 2270 1037 Praeneste
2324 971 2699 1045 interfecto,

495 1073 798 1140 Felicem
829 1094 901 1139 se
933 1074 1151 1139 edicto
1185 1072 1579 1158 appellavit.
1668 1072 2194 1157 Proscriptionis
2246 1071 2521 1137 tabulas
2562 1072 2699 1156 pri-

489 1194 641 1239 mus
662 1182 692 1220 ¹
720 1176 1096 1260 proposuit.
1186 1174 1459 1239 Novem
1489 1173 1708 1239 millia
1724 1181 1750 1210 ⁸
1772 1173 2147 1240 deditorum
2166 1183 2193 1211 ⁸
2237 1176 2308 1240 in
2334 1174 2499 1240 villa
2525 1175 2696 1258 pub-

487 1275 670 1344 lica*
715 1278 984 1344 cecidit.
1058 1278 1164 1342 10.
1187 1275 1556 1343 Numerum
1604 1278 2026 1343 sacerdotum
2048 1286 2075 1315 ‘²
2120 1277 2361 1343 auxit:
2418 1276 2697 1342 tribuni-

1084 418 1319 477 surr}
1365 420 1692 470 Auunmt
1741 418 2096 469 VICTORIS

1397 1424 1763 1448 Omoemom

489 1518 748 1574 Dardanos
770 1522 902 1573 eaed.
940 1522 1127 1588 Medos,
1150 1525 1411 1576 Dardanos
1433 1526 1655 1577 Alth—8
1678 1527 1804 1578 Mox
1825 1525 1980 1576 abest
2002 1542 2033 1577 a
2057 1526 2259 1578 Schott.
2285 1525 2356 1577 G.
2386 1526 2461 1575 D.
2494 1527 2563 1576 P.
2584 1531 2640 1575 et
2674 1540 2705 1576 a

488 1589 799 1652 quibusdam
824 1589 976 1639 codd.
1001 1598 1137 1667 teste
1162 1591 1328 1668 sylb..
1371 1588 1507 1669 'rung
1543 1600 1676 1656 ‘pro
1711 1592 1978 1654 rogatione,
2015 1591 2175 1643 habet
2206 1592 2441 1668 legittimae
2478 1590 2706 1677 Medion,

486 1654 1070 1768 32303503‘51·2·5:.1¹.¹3‚2
1095 1655 1817 1782 Efffnprfhiss'iffisssiffinfffl·
1837 1658 2405 1784 &sxzzzpztffim
2424 1670 2707 1770 ziam

485 1783 672 1841 Italio3
705 1792 761 1833 et
783 1784 991 1833 turbato
1016 1786 1199 1834 ordine
1228 1786 1430 1835 Boeud.
1466 1802 1530 1836 ex
1565 1786 1852 1837 exercitibus
1891 1787 2155 1836 Carbonem
2190 1786 2358 1842 Italia,
2392 1785 2492 1835 nisi
2537 1785 2703 1834 mavis

485 1847 559 1896 ibi
583 1849 1003 1911 propositionem
1027 1864 1057 1899 e
1081 1850 1318 1911 sequenti
1344 1864 1471 1899 voce
1495 1865 1607 1901 esse
1628 1851 1947 1915 repetitam.’
1983 1852 2217 1901 Arnim.
2283 1851 2413 1900 Mox
2445 1857 2462 1881 ⁸
2475 1849 2695 1900 Mediol.

492 1913 665 1974 aliter,
698 1913 917 1962 Marium
954 1919 1002 1963 et
1038 1916 1272 1964 Pontium
1307 1915 1576 1965 Telesinam
1600 1920 1727 1980 opud
1754 1922 1943 1979 portam
1979 1916 2104 1964 Coit.
2141 1925 2195 1965 et
2236 1931 2375 1970 mox,
2403 1916 2562 1978 posuit
2607 1929 2703 1978 pro

481 1977 764 2040 proposuit!
781 1978 982 2028 Schott.
1020 1981 1035 2006 ‘
1051 1980 1180 2028 Post
1203 1980 1438 2039 Marium,
1457 1981 1627 2046 filium
1649 1983 1713 2030 de
1735 1996 1827 2031 suo
1842 1981 2117 2030 addiderat
2135 1981 2402 2042 schottus,
2425 1980 2479 2043 [a
2503 1979 2703 2030 Gaesb.

487 2042 685 2105 Delph.
711 2044 898 2093 Pitisc.
920 2045 1156 2108 secutus]
1181 2045 1319 2108 quod
1344 2047 1544 2095 auctori
1559 2061 1652 2095 suo
1677 2047 1964 2096 remisimus
1988 2046 2303 2095 auctoritate
2324 2046 2450 2095 Mss.
2478 2053 2532 2093 et
2552 2044 2704 2094 codd.

488 2108 734 2156 omnium.
801 2108 937 2157 Illud
959 2109 1188 2158 Pontium
1212 2124 1362 2159 nemo
1384 2111 1645 2173 agnoseit,
1669 2126 1838 2176 neque
1862 2113 2021 2161 etiam
2048 2111 2102 2159 in
2125 2112 2354 2172 epitome
2387 2107 2704 2174 requiritur!

484 2171 762 2221 Ama-9
786 2173 1067 2238 Mariofilio
1090 2189 1158 2223 ex
1193 2175 1501 2236 glossemate
1524 2176 1762 2227 Gramm.
1808 2177 1960 2226 Dicto
1984 2189 2080 2240 pro
2103 2177 2258 2224 edicto
2283 2174 2427 2224 Leid.
2450 2178 2496 2223 1.
2542 2175 2703 2236 posuit

486 2250 583 2300 pro
600 2238 1097 2303 proposuiexoramm.
1118 2239 1329 2289 Leicm.
1350 2240 1577 2306 Agripp·
1597 2251 1654 2291 et
1664 2243 1799 2294 Ven.
1853 2242 1985 2292 Tum
2003 2241 2090 2291 alii
2109 2241 2276 2291 XIX.
2289 2240 2444 2290 ”tinio
2460 2239 2706 2289 dedititio-

1482 2342 1704 2403 NOTAE

548 2453 574 2480 ¹·
608 2447 672 2496 In
689 2446 886 2511 itinere]
920 2448 1001 2497 En
1021 2448 1226 2500 marche.
1293 2450 1429 2501 Dum
1453 2450 1555 2502 sei-

484 2522 608 2573 licet
634 2524 699 2574 ab
734 2524 1068 2590 expeditione
1089 2525 1452 2578 Mithridation
1475 2543 1553 2578 re·
1591 2583 1598 2590 Ι

483 2601 811 2650 vertebatur.

549 2684 574 2709 ⁰
612 2678 878 2739 Rogatioue
899 2676 1137 2742 Sulpicia]
1171 2678 1341 2743 Supra
1363 2678 1415 2729 in
1437 2679 1555 2729 Ma·

483 2752 563 2801 rio
588 2762 762 2816 patre.

548 2838 574 2872 Ρ
604 2829 868 2894 Imperium
893 2830 1017 2895 ejtts]
1050 2829 1116 2881 Id
1149 2837 1249 2894 est,
1283 2831 1556 2896 provincia

485 2919 621 2969 ejus.

1700 2457 1720 2485 ⁸
1752 2453 1896 2517 Apud
1920 2450 2272 2516 Sacriportum]
2309 2447 2447 2500 Vide
2471 2462 2631 2515 supra
2651 2445 2704 2498 in

1636 2529 1807 2596 Mario
1829 2529 1955 2580 filio.

1703 2611 1720 2641 ⁸
1751 2607 2043 2671 Telesinam]
2076 2607 2319 2657 Pontium
2343 2604 2664 2655 Telesinum.

1700 2693 1725 2720 ¹¹
1752 2685 2011 2749 Collinum]
2033 2685 2172 2737 Quae
2193 2682 2474 2734 Quirinalis
2490 2690 2547 2732 et
2571 2681 2706 2746 Ago·

1531 2803 1534 2806 .
1637 2761 1721 2811 nia
1743 2761 1906 2811 dicta.

1701 2845 1728 2872 ¹
1758 2837 1947 2902 Mario]
1978 2837 2218 2889 Juvene:
2254 2848 2430 2898 supra.

1673 2959 1678 2964 .
1698 2921 1722 2956 5
1746 2913 2123 2976 Proscriptionis
2137 2912 2321 2961 tabulas
2330 2911 2539 2976 primus]
2567 2911 2705 2960 Flor.

549 2988 575 3021 ‘1
634 2982 885 3044 Compi&
937 2982 1320 3032 adverwrmm
1368 2984 1556 3047 exera]
1634 2989 1728 3040 lib.
1751 3003 1837 3040 ιιι,
1856 3004 1973 3053 cap.
1996 2993 2080 3040 21.
2099 2996 2115 3019 ‘
2133 2987 2412 3050 Proposita
2426 2993 2510 3037 est
2526 2988 2705 3049 ingens

483 3059 657 3108 Aliter
676 3061 830 3123 paulo
851 3061 992 3110 Vell.
1017 3066 1031 3088 ⁸
1049 3060 1333 3110 Crescebat
1348 3061 1556 3110 interim

482 3137 540 3186 in
560 3135 673 3190 dies
690 3127 849 3199 8leae
867 3138 1151 3200 exercitus,
1176 3137 1559 3189 confluentibus

486 3218 552 3266 ad
576 3232 693 3267 eum
716 3218 915 3280 optimo
939 3232 1144 3283 quoque
1177 3225 1234 3268 et
1267 3218 1559 3269 sanissimo.

485 3289 653 3343 Felici
687 3293 878 3343 deinde
912 3294 1055 3343 circa
1089 3295 1324 3358 Capuam
1364 3300 1560 3348 eventu

481 3371 781 3432 Scipionem
844 3371 1253 3436 Norbanumque
1314 3373 1558 3422 consules

484 3454 731 3509 superat:
756 3461 973 3511 quorum
1009 3448 1294 3497 Norbanus
1315 3449 1428 3497 acie
1453 3449 1558 3497 vic·
1587 3461 1602 3473 ‘

486 3530 608 3583 επις
639 3522 815 3585 Scipio
839 3523 905 3571 ab
935 3525 1171 3573 exercitu
1198 3540 1292 3574 suo
1314 3524 1555 3574 desertus

487 3610 551 3648 ac
574 3598 834 3661 proditus,
854 3598 1132 3649 inviolatus
1155 3616 1187 3650 a
1206 3602 1354 3668 Syl-la
1377 3601 1554 3650 dimis-

487 3688 574 3723 sus
599 3672 714 3722 est.’
781 3675 882 3724 Sed
918 3676 1178 3739 Scipionis
1214 3676 1497 3727 exercitum
1525 3689 1559 3724 a

486 3750 634 3813 Sylla
653 3759 953 3813 corruptum
988 3754 1184 3803 diserte
1221 3761 1398 3805 narrat
1432 3753 1557 3802 Plu·

489 3826 655 3874 tar-ch.
672 3826 722 3873 in
738 3827 900 3891 Sylla,
913 3833 968 3877 et
982 3828 1084 3877 buc
1105 3827 1434 3878 referendum
1449 3829 1559 3879 Sal-

488 3902 614 3951 lust.
659 3901 1035 3966 fragmentum:
1088 3904 1105 3932 ⁴
1134 3904 1294 3967 Cujus
1340 3905 1559 3954 adversa

489 3979 762 4029 voluntate
785 3981 1041 4044 colloquio
1065 3980 1316 4030 militibus
1342 3982 1559 4045 permis-

486 4069 564 4113 so,
584 4056 852 4119 corruptio
873 4054 1013 4104 faeta
1046 4068 1343 4118 paucorum,
1379 4063 1436 4104 et
1469 4069 1561 4105 ex-

489 4128 859 4193 ercitus.8yllae
885 4130 1039 4178 datus
1071 4133 1194 4179 est.'

556 4210 576 4237 r
613 4204 898 4267 Carbonem]
932 4205 1028 4255 Cu.
1062 4205 1330 4271 Papirium
1365 4206 1563 4258 Carbo-

494 4293 614 4336 nem
638 4282 760 4346 Cos.
785 4285 966 4332 ιδῃ.
990 4323 995 4332 ,

1637 3065 1728 3115 illa
1760 3059 1969 3114 tabula:
2004 3072 2062 3113 et
2095 3079 2156 3112 ex
2195 3064 2306 3125 ipso
2341 3063 2602 3125 equestris
2625 3076 2705 3110 or·

1640 3142 1775 3193 dinis
1791 3140 1921 3192 flore
1943 3156 2007 3191 ac
2031 3149 2241 3191 senatus
2265 3140 2366 3188 duo
2391 3140 2552 3188 millia
2573 3139 2708 3187 elee-

1640 3221 1703 3279 ti,
1730 3220 1817 3284 qui
1844 3218 1972 3267 mori
1983 3216 2315 3282 juberentur,
2348 3215 2470 3264 novi
2506 3215 2707 3278 generis

1640 3292 1905 3344 edictum!

1673 3381 1676 3384 ·
1703 3379 1724 3404 ²
1759 3372 1945 3421 Novem
1978 3367 2156 3431 millio]
2203 3367 2429 3420 Quidam
2462 3374 2584 3417 octo
2618 3380 2709 3430 po-

1638 3455 1791 3508 nunt,
1813 3447 1899 3495 alii
1921 3456 2158 3510 quatuor,
2182 3444 2267 3495 alii
2295 3444 2467 3493 aliter.
2681 3487 2686 3496 ,

1702 3529 1725 3558 ⁸
1757 3523 2071 3587 Deditorum]
2124 3521 2189 3570 In
2224 3522 2294 3571 al.
2343 3519 2708 3577 dedititiorum

1637 3598 1774 3662 quod
1800 3599 1961 3662 magis
1987 3597 2181 3661 placet.
2220 3614 2226 3621 ·

1701 3674 1729 3709 ὓ
1767 3675 1894 3724 Villo
1922 3672 2133 3738 publico]
2168 3673 2229 3722 In
2266 3673 2465 3736 Campo
2496 3673 2709 3722 Martio.

1641 3752 1777 3802 Pub.
1800 3753 1993 3801 Victor
2016 3752 2067 3798 iu
2099 3749 2451 3811 descriptione
2474 3749 2633 3797 Urbis
2658 3749 2708 3800 iu

1639 3831 1851 3894 regione
1887 3843 1971 3879 lx.
2004 3828 2021 3856 ‘
2048 3828 2188 3877 Villa
2223 3825 2453 3889 publica,
2488 3824 2574 3874 ubi
2609 3824 2709 3887 pri·

1640 3921 1775 3956 mum
1802 3905 1983 3968 populi
2007 3916 2193 3953 census
2213 3910 2296 3951 est
2313 3907 2459 3951 actus
2480 3900 2534 3949 in
2559 3901 2708 3951 Cem-

1640 3995 1710 4043 po
1732 3979 1968 4031 Martio!
2545 3969 2546 3974 ¹
2679 4001 2682 4004 ·

1709 4063 1731 4088 0
1764 4054 2029 4104 Numerum
2059 4054 2378 4117 sacerdotum]
2424 4051 2708 4116 Ampliavit

1641 4146 1911 4181 numerum
1933 4132 2261 4182 sacerdotum
2286 4137 2340 4182 et
2361 4144 2632 4196 augurum,
2655 4136 2708 4179 ut

1645 4216 1820 4259 essent
1844 4207 2158 4274 quindecim.
