3023 4942
513 332 657 448 294⁴

1114 400 1341 451 sssxw
1392 401 1721 451 AURELII
1773 403 2126 454 VICTORIS

515 549 791 635 portata
820 541 1153 625 Romam,¹
1182 552 1384 630 atque
1425 557 1632 612 aucta
1661 547 1848 612 Urbs
1872 569 2110 632 magno
2129 540 2410 618 accessu
2445 538 2580 621 iria&
2605 556 2716 622 no‘-

510 653 695 717 ,νῶθ’
745 652 815 710 et
859 646 947 710 ad
984 647 1348 712 lavandum
1396 649 1708 714 absoluta
1736 670 1946 733 opera
1992 652 2254 735 pulchri
2285 656 2566 720 cultus.¹¹
2654 662 2720 726 5.

520 746 789 825 Quibus
819 747 1141 814 confectis
1180 769 1336 814 cum
1377 750 1648 834 Syriam
1696 752 2346 835 circumgrederetur,
2388 778 2564 823 anno
2609 782 2730 843 po·-

519 851 748 939 tentiae
781 858 979 915 sexto
1002 858 1030 886 ⁰
1079 852 1407 916 moritur.p
1491 852 1556 915 6.
1603 852 1919 937 Corporis
1947 856 2207 938 reliqua
2233 857 2425 923 luctu
2450 861 2727 942 publico

518 952 728 1017 relata
758 952 1074 1032 Romam,
1104 960 1311 1037 atque
1341 954 1515 1019 inter
1543 952 1926 1021 Antoninos
1951 965 1978 1004 ‘¹
2020 957 2336 1025 funerata
2364 967 2537 1053 sunt,

1442 1101 1717 1123 come-eveo
1721 1104 1813 1125 ee&

518 1179 658 1230 iufra
690 1181 875 1232 deesse
904 1155 951 1232 si
979 1183 1206 1233 libem—5
1242 1185 1260 1212 ⁴
1282 1150 1776 1250 circumgrederetur.
1829 1189 1928 1239 Vel
1950 1190 2447 1254 circumgraderetur:
2485 1200 2732 1260 corrupte
2763 1252 2764 1261 ἵ

519 1247 622 1297 Ms.
645 1248 1129 1299 circumi-ederetur?
1159 1250 1366 1300 Schott.

1511 1365 1732 1417 NOTAE
1811 1392 1816 1398 ·
1916 1356 1920 1361 ⁸

520 1443 690 1505 nescis
713 1454 768 1494 te
790 1444 1170 1508 Imperatorem
1205 1459 1338 1502 esse,
1362 1453 1418 1496 et
1439 1448 1588 1512 leges

521 1523 668 1586 dare,
691 1514 794 1571 non
817 1522 1057 1585 accipere
1076 1521 1116 1570 ?’

589 1598 605 1637 ¹
635 1599 842 1663 AEgypti
882 1614 1018 1649 sacro
1065 1615 1155 1663 per
1197 1615 1300 1650 eum
1342 1602 1591 1664 deportata

523 1676 752 1738 Romam]
785 1676 1049 1738 Spartian.
1082 1677 1100 1704 ⁶
1117 1676 1282 1725 Sacra
1305 1675 1461 1726 Isidis
1481 1677 1587 1726 Ro-

521 1766 659 1801 mam
695 1752 1014 1815 deportavit,
1054 1759 1110 1801 et
1157 1752 1354 1820 templa
1398 1752 1588 1816 ubique

523 1827 800 1894 magnifica
820 1828 987 1878 eidem
1004 1829 1130 1893 Deae
1152 1827 1321 1878 fecit!
1385 1830 1487 1879 Sed
1511 1836 1587 1887 et,

524 1914 649 1955 ante
672 1903 1012 1962 Antoninum,
1056 1905 1366 1956 Commodus
1407 1908 1588 1956 Romae

524 1989 674 2031 sacra
696 1981 852 2032 Isidis
874 1983 1053 2032 coluit.
1107 1982 1286 2033 Quam
1308 1984 1593 2032 contrarie-

523 2064 692 2108 tatem
729 2057 1006 2108 advertens
1041 2059 1350 2122 Spartianus
1380 2060 1593 2123 subjun-

526 2135 646 2198 git:
691 2134 709 2163 ⁴
736 2135 801 2184 In
843 2150 946 2200 quo
990 2137 1197 2199 quidem
1243 2135 1363 2186 mihi
1407 2136 1594 2186 mirum

526 2210 755 2271 videtur,
784 2211 1220 2275 quemadmodum
1258 2226 1406 2261 sacra
1437 2212 1595 2262 Isidis

525 2286 749 2351 primum
781 2302 875 2351 per
897 2287 1034 2336 hunc
1057 2289 1270 2338 Romam
1296 2291 1496 2339 venisse
1520 2290 1595 2338 di·

498 2371 735 2427 -eantur,
777 2378 895 2412 cum
941 2362 1232 2414 Antoninus
1283 2366 1596 2416 Commodus

525 2440 606 2490 ita
653 2454 718 2489 ea
762 2440 1120 2497 celebraverit,
1167 2447 1224 2491 ut
1266 2449 1322 2491 et
1366 2440 1598 2493 Anubim

530 2520 769 2578 portaret
791 2524 847 2564 et
870 2530 1056 2580 pausas
1082 2514 1264 2565 ederet
1288 2534 1305 2579 ;
1339 2518 1436 2566 nisi
1460 2517 1599 2568 sorte

525 2593 630 2642 iste
652 2591 848 2641 addidit
870 2592 1186 2655 celebritati,
1209 2607 1310 2641 non
1346 2609 1458 2643 eam
1493 2596 1598 2658 pri·

502 2665 505 2668 ’
529 2683 644 2719 mus
667 2668 903 2719 invexit!
970 2668 1310 2717 Doctissimus
1334 2671 1597 2719 casaubo-

531 2759 628 2795 nus
645 2752 794 2807 putat
806 2745 1138 2808 spartianum
1156 2751 1209 2793 et
1225 2745 1495 2794 Victorem
1514 2746 1597 2796 hio

523 2829 740 2871 ’secutos
775 2834 891 2870 esse
927 2835 1156 2870 errorem
1181 2821 1335 2869 Marii
1360 2821 1601 2884 Maximi,

533 2914 686 2964 quem
722 2897 952 2948 studiose
983 2897 1371 2958 transcribunt3
1406 2899 1485 2946 vel
1510 2899 1602 2946 ali-

535 2990 644 3039 um,
663 2976 976 3040 quicumque
999 2974 1044 3023 is
1064 2971 1244 3030 fuerit,
1266 2974 1353 3037 qui
1376 2972 1474 3023 hoe
1497 2974 1603 3038 pri-

534 3066 649 3102 mus
675 3050 903 3113 scripsit.
1254 3107 1257 3110 v
1575 3051 1578 3052 ’

599 3134 638 3161 ¹²¹
671 3127 857 3188 Magno
887 3139 1078 3174 accessu
1113 3124 1206 3173 vice
1248 3123 1408 3186 novoe]
1443 3125 1599 3188 Spar·

537 3204 670 3254 tian.
704 3202 881 3251 ‘Idem
900 3201 1033 3249 viam
1049 3215 1231 3249 novam
1248 3200 1469 3266 munivit
1485 3216 1603 3265 quae

537 3287 621 3328 est
644 3278 741 3328 sub
763 3277 877 3340 ejus
898 3277 1126 3325 thermis.
1194 3278 1312 3329 Quo
1337 3276 1604 3339 pulchrius

536 3355 680 3403 inter
733 3354 994 3403 Romanas
1036 3354 1241 3415 plateas
1289 3365 1395 3401 non
1446 3349 1605 3402 facile

540 3426 1113 3492 quicquamtnvenias!
1157 3428 1290 3482 Haee
1313 3428 1415 3489 via,
1437 3441 1604 3490 prope

539 3505 720 3555 Severi
742 3504 1088 3568 septizonium
1105 3504 1394 3567 declinans,
1412 3503 1477 3552 ab
1497 3502 1603 3568 Ap-

1670 1450 1759 1513 pia
1782 1450 2097 1501 Aventinum
2134 1467 2332 1514 versus,
2371 1460 2427 1504 et
2464 1469 2643 1506 rursus
2680 1455 2733 1506 in

1670 1541 1782 1576 eam
1818 1528 1914 1576 sub
1952 1529 2161 1578 thermis
2193 1530 2503 1579 Antonianis
2539 1531 2736 1581 incide·

1670 1602 1781 1653 bat.
1849 1604 2003 1654 Hanc
2026 1619 2154 1654 cave
2175 1605 2463 1655 confundas
2484 1622 2602 1656 cum
2625 1609 2640 1634 ‘
2655 1606 2737 1656 via

1669 1677 1835 1728 nova’
1867 1695 1984 1742 quae
2010 1695 2041 1728 a
2063 1680 2291 1729 Velabro
2327 1682 2458 1730 inter
2481 1683 2739 1744 Capitoli·

1671 1770 1755 1803 um
1781 1761 1836 1805 et
1858 1755 2176 1813 Palatinum,
2200 1757 2428 1821 ducebat
2459 1757 2513 1806 in
2548 1757 2736 1808 forum.

1670 1830 1757 1878 De
1795 1846 1897 1896 qua
1943 1831 2100 1881 Ovid.
2146 1832 2287 1882 Fast.
2329 1845 2413 1881 vr.
2458 1835 2474 1861 ‘
2501 1833 2623 1884 Qua
2656 1834 2739 1882 via

1671 1908 1906 1957 Romano
1927 1922 2065 1958 nunc
2086 1923 2219 1958 nova
2233 1910 2418 1971 juncta
2440 1908 2589 1959 foro?
2687 1954 2694 1959 .

1736 1990 1762 2016 ¹³
1794 1982 1878 2032 Aa
1898 1985 2150 2033 &vandum
2170 1984 2394 2035 absoluta
2410 2001 2554 2049 opere
2584 2001 2637 2049 p.
2669 1987 2738 2051 e.]

1674 2059 1907 2109 Thermae
1931 2058 2263 2123 Antonianae,
2291 2062 2342 2109 in
2378 2062 2547 2112 latere
2573 2062 2742 2111 Aven-

1680 2134 1796 2196 tini,
1815 2135 1896 2183 via
1913 2134 2218 2188 Ardeatina.
2264 2136 2529 2200 Spartian.
2566 2144 2581 2166 ‘
2600 2136 2743 2201 Ope·

1679 2224 1738 2258 ra
1780 2210 1959 2260 Romae
1992 2211 2223 2276 reliquit,
2257 2213 2485 2262 thermas
2522 2214 2742 2262 nominis

1678 2286 1758 2337 sui
1784 2287 2019 2350 eximias,
2042 2302 2262 2351 quarum
2283 2290 2465 2339 cellam
2489 2291 2741 2339 solearem

1680 2362 1955 2411 architecti
1974 2369 2170 2426 negant
2195 2378 2347 2426 posse
2371 2365 2476 2413 ulla
2498 2365 2742 2414 imitatio-

1675 2451 1741 2487 ne
1762 2452 1865 2504 qua
1899 2437 2041 2488 facta
2072 2446 2174 2501 est,
2197 2436 2344 2489 fieri:
2381 2454 2497 2490 nam
2537 2455 2605 2490 ex
2640 2454 2742 2491 aere

1679 2514 1762 2562 vel
1798 2528 1965 2576 cupro
2005 2516 2229 2564 cancelli
2273 2518 2591 2579 superpositi
2631 2530 2743 2567 esse

1678 2587 1922 2638 dicuntur
1943 2588 2133 2653 quibus
2164 2593 2446 2641 cameratio
2481 2599 2594 2641 tota
2622 2608 2742 2642 con-

1676 2665 1877 2713 credita
1917 2671 2030 2715 est:
2064 2674 2121 2715 et
2160 2674 2358 2715 tantum
2396 2675 2478 2717 est
2520 2659 2742 2731 spatium

1678 2746 1736 2788 ut
1752 2739 1804 2787 id
1825 2740 1989 2802 ipsum
2006 2739 2120 2789 fieri
2139 2747 2331 2804 negent
2351 2743 2583 2817 potuisse
2602 2743 2745 2796 docti

1680 2815 2001 2864 mechanici.’

1747 2898 1773 2923 ⁰
1801 2890 1946 2940 Anno
1977 2893 2204 2955 potentia
2234 2895 2393 2959 sexto]
2432 2904 2448 2926 ⁸
2468 2893 2621 2945 Anno
2654 2895 2744 2956 im·

1684 2967 1819 3031 perii
1855 2981 1933 3016 vt.
1966 2982 2145 3017 mense
2180 2968 2265 3019 11.’
2329 2970 2550 3035 Eutrop.
2583 2985 2743 3033 vere,

1683 3044 1818 3094 adde
1842 3044 1997 3093 modo
2020 3054 2241 3108 quatuor
2262 3046 2391 3095 dies.

1750 3128 1778 3163 Ρ
1813 3121 2054 3184 Moritur]
2087 3122 2237 3171 Inter
2251 3124 2502 3173 Edessam
2519 3130 2575 3175 et
2589 3124 2743 3175 Char-

1684 3213 1769 3248 ras
1794 3214 1824 3247 a
1846 3199 2237 3247 centurionibus
2256 3199 2458 3248 duobus
2481 3202 2701 3250 occisus.

1686 3309 1692 3320 .
1748 3283 1773 3317 «ι
1805 3274 1943 3324 Inter
1960 3274 2257 3337 Antoninos]
2293 3275 2559 3339 spartian.
2591 3277 2744 3326 ‘Cor-

1685 3364 1782 3415 pus
1807 3351 1919 3413 ejus
1941 3350 2323 3400 Antoninorum
2358 3354 2601 3414 sepulcro
2635 3353 2742 3401 ἰΙΙα-Δ

1689 3438 1795 3476 tum
1830 3435 1928 3483 est,
1972 3435 2029 3475 ut
2067 3441 2131 3475 ea
2162 3427 2313 3476 sedes
2352 3430 2599 3493 reliquias
2634 3430 2742 3493 ejus

1683 3502 1969 3565 acciperet,
1994 3516 2109 3567 quae
2134 3516 2320 3553 nomen
2343 3502 2659 3555 addiderat.’

1379 3809 1591 3875 GAP.
1643 3807 1917 3873 XXII.

912 3946 1214 3995 0P1L1US
1264 3943 1662 3992 MAomNus
1712 3944 1806 3989 ET
1855 3939 2391 3989 mAnUMENus.

634 4064 700 4127 1.
745 4061 1051 4127 Dssflmc
1100 4062 1377 4145 Opilius
1424 4060 1821 4139 Macrinus:
1896 4059 2017 4143 qui
2065 4058 2533 4142 praefecturam
2584 4077 2748 4143 prae-

1040 4286 1065 4313 ὓ
1098 4277 1286 4343 Opilius
1309 4193 1903 4343 Macrinugzssffiooo.
1932 4279 2053 4339 post
2072 4273 2132 4324 C.
2155 4278 2272 4324 21⁷.
