3023 4942
1153 425 1383 473 ANNAE
1436 425 1859 473 PRAErArm.
2574 412 2619 473 5

411 571 664 654 scripta
710 576 816 634 est
838 588 858 649 3
880 568 897 594 '
939 568 1099 643 inde
1140 569 1393 633 sactum
1434 576 1509 633 ut
1540 589 1694 634 cum
1726 568 2007 634 doctiss.
2037 568 2299 633 Joanne
2335 567 2616 633 Metello

407 672 605 756 hujus
656 671 868 736 libelli
928 679 1272 736 auctorem
1327 669 1706 735 Asconium
1766 671 2138 736 Pedianum
2200 671 2616 735 crediderim.

408 773 613 838 Nunc
653 793 818 838 vero
870 773 1268 837 sententiam
1317 771 1616 848 demuto,
1667 777 1734 837 et
1787 774 1992 837 verba
2037 773 2156 837 illa
2200 774 2616 856 interpretor,

367 921 372 926 ·
407 882 429 913 ‘
459 876 771 941 Historia
800 876 1087 941 Liviana
1133 896 1289 959 quae
1340 878 1685 941 memoriae
1730 886 1986 941 nostrae
2025 897 2254 941 recens
2295 887 2428 957 est,
2461 897 2616 962 quae

402 981 744 1044 memoriae
774 986 1012 1045 nostrae
1043 980 1182 1062 βοᾷ,
1213 977 1505 1044 clamat.'
1594 978 1800 1044 Nunc
1832 978 1919 1043 ad
1950 979 2268 1062 reliquos·

491 1081 797 1145 Libellus
815 1081 929 1145 ‘de
946 1080 1362 1146 Caesaribus’
1381 1101 1423 1145 a
1446 1080 1609 1144 Sex.
1629 1079 1907 1145 Aurelio
1925 1078 2213 1146 Victore
2238 1101 2387 1146 vere
2408 1082 2620 1165 scrip-

403 1191 513 1249 tus
560 1191 683 1262 est,
715 1185 836 1270 qui
866 1185 990 1248 sub
1023 1184 1554 1266 Imperatoribus
1596 1181 2001 1248 Constantio
2034 1191 2103 1248 et
2144 1183 2190 1248 J
2197 1184 2419 1248 uliano
2451 1202 2610 1248 con-

402 1287 509 1351 sul
559 1286 694 1352 fuit
733 1308 887 1353 cum
925 1286 1429 1366 Valentiniano,
1483 1294 1549 1352 a.
1579 1302 1936 1353 clocxxl.
2024 1286 2186 1370 Ipse
2232 1287 2432 1371 plane
2482 1306 2615 1351 sua

399 1394 706 1473 tempora
736 1395 1048 1467 testatur,
1078 1390 1149 1454 in
1199 1388 1438 1455 Marco
1467 1388 1803 1454 Antonino
1851 1388 2296 1474 Philosopho,
2331 1390 2398 1452 in
2427 1389 2473 1454 J
2480 1389 2613 1458 ulio

401 1489 757 1575 Philippo,
786 1491 856 1554 in
888 1489 1358 1569 Constantino,
1387 1494 1509 1556 διο.

485 1592 582 1658 At
627 1592 712 1658 de
758 1593 991 1681 libello
1022 1598 1044 1629 ‘
1076 1594 1160 1659 de
1206 1593 1397 1660 Viris
1446 1593 1873 1670 Illustribus,'
1927 1615 2035 1662 res
2083 1596 2286 1680 plane
2331 1596 2615 1661 incerta.
2740 1607 2748 1617 ‘

392 1693 573 1759 :Eum
605 1696 725 1760 alii
770 1694 1084 1762 Cornelio
1132 1697 1420 1783 Nepoti,
1469 1698 1588 1762 alii
1634 1697 1867 1763 Plinio
1916 1699 2447 1776 Novocomensi,
2496 1700 2617 1763 alii

397 1797 722 1863 Suetonio
767 1798 1149 1865 vindicant:
1210 1801 1539 1878 nonnulli,
1598 1808 1668 1866 et
1711 1802 1780 1866 in
1830 1803 1915 1867 iis
1962 1802 2281 1881 VossiuS,
2332 1800 2615 1871 Aurelio

398 1898 687 1971 Victori.
804 1899 964 1967 Non
1019 1903 1315 1986 exiguae,
1350 1904 1551 1968 molis
1614 1910 1723 1968 est
1781 1910 2007 1969 tantas
2068 1906 2226 1970 lites
2284 1902 2611 1981 dirimere,

396 2023 607 2086 quare
653 2022 769 2068 eas
809 2024 897 2069 ne
941 2007 1212 2070 tentabo
1260 2006 1553 2089 quidem.
1646 2004 1825 2071 Illud
1851 2010 2115 2072 ”tantum
2161 2006 2328 2071 mihi
2379 2024 2612 2070 monu-

394 2105 537 2170 isse
601 2105 921 2185 sufficiet,
978 2107 1283 2173 libellum
1335 2113 1357 2144 ‘
1391 2109 1475 2173 de
1523 2108 1717 2199 ,Viris
1766 2109 2187 2174 Illustribus'
2236 2109 2375 2174 alio
2430 2111 2609 2194 stylo

382 2210 720 2293 scriptum
793 2210 1031 2289 videri,
1090 2232 1294 2295 quam
1354 2213 1539 2277 illum
1619 2213 1902 2278 alterum
1956 2216 1978 2247 ‘
2040 2211 2125 2277 de
2179 2211 2612 2289 CaesaribuS,³

395 2312 595 2396 cujus
678 2314 890 2378 dictio
970 2314 1354 2398 inaequalis,
1431 2334 1619 2405 saepe
1693 2314 1932 2393 ferrea,
2008 2319 2076 2378 et
2160 2314 2611 2379 crebrioribus

390 2417 592 2480 etiam
642 2416 995 2482 sententiis
1037 2436 1341 2501 aspersa,
1373 2418 1438 2481 in
1486 2410 1738 2501 quibus
1791 2422 2017 2481 tamen
2056 2416 2319 2481 eluceat
2357 2415 2607 2500 judici-

376 2538 509 2583 ›um
578 2520 934 2603 scriptoris
993 2521 1337 2584 eximium.
1428 2519 1666 2603 Igitur,
1715 2520 1825 2583 vel
1873 2519 2032 2583 hinc
2088 2519 2425 2603 suspicari
2477 2520 2607 2584 sal-

390 2628 527 2686 tem
577 2622 739 2686 licet
788 2623 1089 2687 libellum
1116 2629 1136 2660 ‘
1168 2623 1251 2687 de
1280 2623 1474 2689 Viris
1516 2622 1954 2700 IllustribuS,’
1984 2623 2073 2687 ab
2102 2622 2242 2686 alio
2283 2640 2484 2704 quam
2518 2622 2606 2685 ab

390 2723 676 2787 Aurelio
727 2723 1013 2788 Victore
1076 2717 1398 2808 scriptum
1452 2725 1711 2790 fuisse:
1790 2744 1942 2788 nam
1995 2732 2065 2789 et
2115 2723 2356 2789 eodem
2400 2725 2605 2789 modo

391 2823 674 2889 Marcus
701 2826 1058 2890 Terentius
1106 2826 1324 2891 Varro
1368 2829 1697 2909 genuinas
1741 2827 1971 2892 Plauti
2001 2827 2266 2891 fabulas
2299 2828 2384 2891 ab
2416 2826 2605 2892 adul-

388 2929 617 2993 terinis
647 2930 1102 3007 discernebat,
1133 2949 1221 2992 ex
1250 2930 1430 3013 stylo
1461 2930 1721 2994 scilicet
1756 2935 1824 2994 et
1843 2929 2050 3014 jocis.
2141 2928 2308 2994 Huc
2338 2929 2606 3014 accedit

386 3030 619 3109 etiam,
654 3032 723 3095 in
770 3036 793 3067 ‘
822 3030 1013 3097 Viris
1060 3030 1496 3111 Illustribus,’
1548 3032 1714 3097 etin
1770 3036 1789 3069 ‘
1823 3030 2241 3097 Caesaribus’
2270 3034 2604 3097 contraria

385 3131 544 3214 legi,
574 3133 1128 3217 quippe‘Auctor
1174 3134 1496 3199 Virorum
1541 3134 1921 3199 Illustrium
1972 3134 2208 3199 scribit
2260 3133 2601 3199 Caesarem

384 3232 684 3315 Augusti
713 3237 982 3301 nomine
1009 3244 1477 3301 consecratum
1515 3237 1604 3300 ob
1627 3255 1733 3300 res
1761 3243 2022 3319 gestaS,
2052 3241 2420 3321 postquam
2458 3234 2603 3301 dic-

380 3341 560 3401 tator
587 3346 957 3421 perpetuus
989 3339 1216 3404 factus
1246 3346 1453 3404 esset.
1547 3338 1861 3403 Aurelius
1906 3358 2070 3404 vero
2111 3340 2180 3402 in
2211 3338 2601 3403 Caesaribus

383 3447 609 3504 narrat
635 3460 791 3505 eum
818 3439 1117 3523 Augusti
1145 3461 1386 3506 nomen
1418 3442 1770 3524 accepisse
1802 3443 1891 3505 ob
1921 3441 2272 3507 victoriam
2302 3442 2599 3525 partium

374 3540 653 3623 placide
703 3542 1100 3608 exercitam.
1192 3541 1283 3607 Et
1329 3541 1480 3607 haec
1538 3561 1702 3606 sane
1749 3542 2212 3625 discrepantia
2260 3563 2370 3609 me
2416 3563 2597 3610 nunc

379 3644 584 3708 etiam
613 3643 927 3728 impellit,
957 3653 1035 3710 ut
1077 3646 1252 3710 duos
1291 3646 1501 3710 hosce
1542 3647 1810 3711 libellos
1857 3646 2148 3711 diversis
2198 3648 2597 3712 auctoribus

379 3746 718 3812 tribuam:
760 3748 890 3812 etsi
928 3757 1162 3815 contra
1205 3750 1498 3814 sentiant
1540 3749 1670 3813 viri
1695 3748 1909 3815 docti.
1997 3748 2370 3833 Pergamus
2400 3749 2598 3832 igitur

379 3848 468 3911 ad
501 3852 523 3883 ‘
557 3849 958 3933 Epitomen.’

468 3950 700 4036 Hujus
730 3952 944 4018 libelli
984 3963 1331 4019 auctorem
1360 3974 1403 4019 a
1432 3954 1768 4037 superiori
1818 3953 2190 4033 diversum,
2215 3956 2331 4038 qui
2350 3962 2594 4021 tamen

374 4059 446 4116 et
472 4053 620 4136 ipse
654 4054 818 4120 Sex.
849 4054 1171 4121 Aurelius
1202 4057 1449 4123 Victor
1477 4056 1720 4135 dictuS,
1756 4060 1826 4122 et
1854 4056 2027 4120 Urbi
2052 4056 2421 4141 praefectus
2449 4057 2594 4122 fue-

374 4155 479 4234 rit,
508 4175 600 4221 ex
632 4155 762 4224 hac
788 4157 1229 4243 inscriptione
1261 4159 1555 4244 probare
1582 4159 1821 4225 nititur
1846 4157 2134 4223 doctiss.
2164 4158 2506 4225 Vossius:

844 4275 1116 4324 lssRvM.
1150 4277 1605 4326 PR1N01PVM.
1640 4276 2150 4325 anMEN'rlAM

848 4378 1471 4431 ANc'rrrvaEM.
1500 4379 2141 4434 MYNIFIGEN'HAM
