3023 4942
2434 393 2566 461 233

345 557 599 635 dictuS,
629 556 879 623 illectis
911 575 1030 640 per
1058 553 1237 621 dona
1266 554 1616 633 militibus»,
1645 562 1847 639 atque
1876 572 2155 620 annonae
2197 557 2518 621 curandae
2545 565 2571 593 θ

348 660 589 744 specie
619 661 842 742 vulgo,
891 667 1157 724 ceteros
1195 657 1378 723 haud
1410 655 1766 724 difficulter
1814 659 2129 741 subegit.·
2213 660 2278 723 3.
2324 658 2566 743 quue

345 762 549 826 modo
591 763 780 827 annis
812 766 1101 846 quatuor
1142 760 1411 825 circiter
1455 768 1526 826 et
1577 761 2015 844 quadraginta
2065 756 2293 838 actis,f
2329 762 2568 826 morbo

349 864 559 930 Nolae
578 872 606 910 ⁸
635 871 1054 941 consumme,
1085 862 1370 947 adjectis
1401 864 1685 946 imperio
1714 864 1960 928 civium
1994 859 2317 939 Rhaetis,¹²
2342 862 2566 945 Illyri-

348 986 599 1050 coque,
634 986 715 1031 ac
768 971 1017 1048 pacata
1058 971 1440 1030 exterarum
1480 964 1777 1047 gentium
1806 965 2078 1041 ferocia,
2110 963 2245 1028 nisi
2288 962 2569 1035 Germa-

352 1066 532 1133 niaef
619 1070 684 1132 4.
734 1066 1176 1152 Quamquam
1237 1067 1474 1132 tertius
1530 1074 1689 1150 post
1746 1065 2071 1143 Numam,
2132 1062 2312 1132 victo
2354 1063 2569 1131 Anto-

349 1172 492 1245 ni0,
553 1170 808 1236 Janum
872 1165 1269 1247 clauserit,¹‘
1342 1169 1524 1253 quod
1564 1169 1722 1252 jure
1776 1167 2089 1232 Romano
2152 1168 2566 1251 quiescenti-

348 1274 483 1337 bus
531 1271 730 1336 bellis
786 1271 1167 1336 accidebat.
1271 1271 1338 1336 5.
1397 1269 1629 1334 Mores
1676 1270 1823 1335 viro
1881 1269 2115 1335 civiles
2173 1268 2570 1352 lepidique,¹

357 1373 690 1455 flagrante
736 1373 916 1437 haud
977 1373 1242 1438 modice
1299 1359 1645 1451 luxuria,¹¹²
1704 1372 2142 1455 ludorumque
2192 1370 2566 1454 cupidine¹²

357 1482 569 1559 atque
631 1476 720 1540 ad
777 1494 1082 1539 somnum
1139 1475 1716 1558 intemperantie.⁰
1827 1473 1893 1538 6.
1979 1473 2379 1551 Doctorum,
2443 1474 2567 1558 qui

357 1578 631 1642 abunde
693 1585 905 1653 erant,
971 1578 1643 1661 necessariorumque
1670 1584 1700 1625 Ρ
1778 1576 2143 1659 percultor‚
2217 1595 2371 1640 cum
2431 1576 2569 1642 elo-

360 1681 664 1767 quentiae
694 1680 974 1757 studio,‘¹
1005 1698 1088 1744 ac
1118 1679 1549 1763 religionibus
1570 1685 1593 1714 ¹’
1640 1678 1805 1743 mire
1834 1678 2273 1744 retineretur.³
2359 1678 2573 1745 Pater

637 413 809 462 SEX.
857 411 1041 460 AUR.
1084 410 1285 460 Vlc'r.
1333 410 1432 459 DE
1482 409 1921 460 CAESARIBUS
1965 411 2131 461 GAP.
2166 411 2219 458 1.

423 1871 452 1897 ⁸
481 1862 720 1913 Delinitis
737 1863 969 1913 militibus
983 1877 1074 1928 per
1092 1878 1306 1927 munera,
1337 1868 1480 1928 atque
1500 1861 1657 1928 specie
1677 1877 1877 1914 annona
1891 1865 2205 1929 procurandoe
2221 1864 2392 1929 populo
2407 1879 2429 1924 ,·
2459 1863 2575 1914 reli·

363 1943 483 1992 quos
501 1944 596 1978 non
614 1930 869 1996 difficulter
891 1927 986 1978 sibi
1005 1927 1222 1990 subiecit.

1292 2006 1670 2029 “neom

361 2089 470 2151 cuti
493 2097 640 2151 sunt,
657 2090 883 2141 malebat
903 2089 1228 2143 obvictoriam
1245 2088 1460 2152 partiam
1469 2106 1491 2148 ,-
1516 2089 1765 2140 Arntzen.
1791 2104 1995 2155 quoqne
2018 2088 2245 2155 conjecit
2260 2090 2317 2139 ob
2330 2090 2579 2140 victoriam

357 2155 630 2204 Actiacam.
695 2155 802 2205 Sed
829 2155 1044 2205 Gruner
1065 2156 1192 2204 nihil
1215 2164 1441 2217 mutans,
1460 2155 1713 2205 victoriam
1726 2158 1939 2219 patriam
1960 2155 2227 2206 Aurelium
2246 2156 2440 2205 dixisse
2464 2169 2579 2204 rec·

362 2221 469 2273 rins
506 2226 658 2281 putat
702 2235 798 2282 pro
835 2221 851 2247 ‘
872 2220 1095 2269 victoria
1127 2221 1195 2269 de
1226 2219 1435 2283 patria,’
1475 2220 1813 2284 pluribusque
1844 2222 2071 2271 illustrat
2106 2220 2390 2284 exemplis)
2426 2221 2579 2270 Harl.

361 2283 494 2338 Mox
515 2286 532 2313 ‘
553 2301 618 2333 ex
641 2286 756 2334 loco
771 2285 943 2334 Taciti
965 2283 1155 2334 Annal.
1172 2300 1213 2334 ι.
1230 2290 1279 2334 1.
1304 2283 1641 2335 confirmatur
1664 2285 1721 2335 id
1737 2286 1874 2348 quod
1899 2286 2020 2339 olim
2038 2287 2386 2349 conjeceram,
2403 2287 2580 2346 vulgus

363 2363 461 2412 pro
481 2351 624 2411 vulgo
644 2365 759 2399 esse
785 2352 1157 2413 reponendum.
1228 2349 1490 2411 Intelligit
1510 2351 1645 2399 enim
1673 2350 1882 2407 milites,
1920 2351 2125 2417 plebem
2155 2359 2214 2400 et
2233 2350 2448 2411 Patres,
2479 2349 2582 2398 nisi

362 2429 582 2465 revoces
593 2413 780 2465 illecto?
793 2415 1075 2465 Arum—6
1089 2414 1224 2464 Mire
1240 2415 1550 2474 detineretur,
1570 2424 1660 2465 aut
1674 2415 1979 2482 simpliciter
1991 2420 2246 2481 teneretur,
2262 2415 2410 2465 malit
2424 2414 2584 2465 Grut-

1364 2546 1588 2597 NOTAE

431 2631 455 2659 θ
485 2624 646 2690 Atque
667 2641 868 2677 annonoe
894 2626 1138 2692 curanda]
1166 2628 1434 2693 Angustus
1494 2628 1743 2679 'incivilis
1766 2628 1854 2678 ille
1890 2627 2082 2678 dicitur
2103 2626 2191 2690 qui
2226 2626 2367 2676 cives
2400 2629 2457 2675 et
2488 2638 2584 2688 po·

362 2710 518 2752 sexto
539 2704 814 2753 consulatu
853 2705 1044 2754 milites
1067 2703 1236 2767 donis,
1270 2720 1433 2770 popu·
1517 2707 1667 2770 pulos
1683 2720 1799 2755 suos
1815 2721 1910 2770 pro
1926 2704 2114 2755 belluis
2128 2702 2307 2753 habet.
2344 2701 2583 2753 Civilita-

363 2780 472 2827 lnm
498 2785 720 2840 annona,
745 2779 974 2842 reliquos
998 2779 1082 2828 vel
1106 2781 1333 2843 pecunia
1354 2781 1437 2829 vel
1517 2781 1585 2833 tis
1599 2774 1823 2846 Augusti
1847 2784 2046 2847 aliquot
2061 2781 2302 2845 exempla
2319 2779 2587 2845 persequi·

365 2855 466 2904 otii
484 2856 760 2905 dulcedine
780 2856 1017 2920 pellexit.
1050 2856 1221 2906 Tacit.
1242 2855 1435 2920 Annal.
1494 2909 1497 2916 ⁴
1518 2867 1605 2909 tur
1628 2860 1846 2909 Sueten.
1866 2874 1983 2923 cap.
2004 2863 2086 2907 56.

366 2945 408 2980 1.
432 2946 478 2980 c.
504 2935 550 2979 1.
575 2932 663 2980 ubi
698 2932 949 2980 ‘militem
984 2932 1153 2990 donis,
1190 2933 1436 2997 populum
1581 2942 1619 2969 ¹¹
1654 2936 1920 2997 Flagrante
1964 2937 2091 2985 haud
2134 2934 2315 2984 modice
2366 2931 2587 2996 luxurio]

1517 3012 1747 3064 Luxuria
1772 3012 1982 3076 proprie
2006 3011 2070 3059 de
2088 3011 2313 3075 profusis
2336 3008 2586 3073 impensis

1521 3088 1732 3146 dicitur,
1755 3097 1811 3138 et
1833 3088 2145 3144 luxuriosus,
2171 3086 2439 3148 prodigus,
2467 3097 2588 3148 pro·
2656 3145 2665 3154 ·

1520 3163 1689 3226 fusus,
1714 3172 2039 3215 sumtuosus:
2074 3164 2166 3212 sed
2192 3163 2273 3212 bic
2291 3163 2421 3226 per‘
2437 3162 2590 3210 luxu·

1520 3240 1688 3304 riam,'
1705 3240 1968 3291 libidinem
1988 3241 2107 3290 etin
2127 3240 2398 3303 voluptate
2411 3236 2589 3287 soluti-

1520 3330 1671 3365 onem
1693 3317 1930 3381 iutelligo
1948 3315 2203 3381 quomodo
2223 3315 2475 3379 sequioris
2489 3312 2591 3364 oevi

1520 3390 1863 3455 scriptoribus
1879 3391 2153 3456 accipitur.
2201 3391 2339 3440 Vide
2360 3390 2590 3454 Epitom.

1584 3476 1610 3503 ¹¹
1641 3469 1978 3533 Ladorumque
2007 3466 2256 3531 cupidine]
2277 3466 2398 3517 Huc
2425 3466 2593 3531 perti·

1522 3558 1650 3595 nere
1689 3545 1916 3595 arbitror
1950 3546 2053 3595 ista
2085 3543 2322 3594 Suetonii
2358 3556 2478 3606 cap.
2509 3544 2593 3591 ⁷5.

1523 3625 1539 3649 ‘
1562 3621 1745 3670 Festos
1780 3627 1835 3670 et
1872 3620 2108 3669 solennes
2148 3617 2262 3669 dies
2300 3615 2595 3682 profusissi-

1526 3710 1630 3758 me,
1660 3709 2027 3761 nonnunquam
2039 3694 2352 3759 joculariter
2372 3701 2600 3755 tantum,

1525 3768 1875 3823 celebrabat.'

1588 3855 1615 3883 ⁰
1638 3849 1718 3898 Ad
1753 3860 1969 3896 somnum
1990 3844 2384 3911 intemperantiae]
2418 3844 2595 3896 Modi-

1527 3924 1578 3975 ci
1598 3930 1775 3974 tamen
1798 3922 1964 3971 somni
1988 3920 2283 3986 Augustum
2320 3921 2483 3972 fuisse
2506 3935 2600 3987 pa·

1529 4008 1613 4053 tet
1635 4014 1703 4049 ex
1726 3999 1943 4049 Sueton.
1961 4012 2082 4060 cap.
2104 4002 2188 4048 78.

365 3020 590 3064 annona,
623 3016 839 3057 cunctos
883 3008 1159 3059 dulcedine
1195 3010 1436 3074 otiipel·

364 3081 540 3133 lexit.'

413 3156 455 3204 ,¹
482 3158 643 3208 Annis
663 3165 866 3221 quatuor
885 3161 1003 3212 circ.
1025 3166 1075 3211 et
1109 3177 1163 3225 q.
1197 3161 1270 3226 ιι.]
1309 3164 1440 3213 Post

366 3233 566 3283 victum
588 3234 872 3285 Antonium
897 3237 1118 3287 scilicet.
1153 3237 1290 3287 Nam
1317 3245 1439 3288 tunc

366 3319 527 3360 natus
551 3319 668 3360 erat
692 3313 749 3360 a.
766 3314 849 3361 76.

438 3395 466 3431 8
499 3386 663 3450 Noloe]
689 3387 755 3436 In
777 3386 1069 3437 Picentinis
1087 3402 1191 3437 non
1214 3388 1368 3452 longe
1407 3403 1440 3439 a

328 3526 333 3530 .
370 3462 617 3526 Neapoli.
668 3520 675 3532 Ι

438 3542 467 3577 ¹²
500 3533 717 3606 Rhoetis]
740 3544 805 3593 In
830 3543 1070 3608 Alpibus.

440 3619 457 3653 ἱ
487 3620 608 3669 Nisi
635 3621 936 3684 Germaniae]
969 3621 1035 3670 Id
1054 3629 1156 3685 est,
1186 3622 1203 3651 ‘
1224 3627 1443 3686 prseter-

371 3710 528 3761 quam
563 3696 900 3749 Germaniae.’
964 3698 1164 3748 Pacata
1201 3707 1443 3749 externa·

374 3787 490 3822 rum
509 3773 740 3836 gentium
763 3771 1066 3831 ferocitate,
1090 3783 1284 3841 praeter
1305 3775 1444 3827 fero·

374 3849 592 3900 citatem
616 3849 939 3901 Germaniae.

442 3923 470 3957 ¹³
499 3926 680 3976 Janum
700 3926 952 3996 clauserit]
985 3926 1123 3979 Vide
1149 3943 1309 3993 supra
1331 3930 1445 3984 Vir.

356 4000 554 4054 ffllust.
577 4002 631 4051 in
655 4001 914 4065 Augusto.

448 4076 464 4113 ¹
497 4079 675 4129 Civiles
697 4078 962 4143 lepidique]
997 4079 1178 4130 Civilis
1202 4088 1257 4132 et
1280 4081 1447 4134 civili·

378 4161 463 4205 tas
496 4169 605 4204 non
651 4162 733 4203 est
771 4156 824 4204 id
860 4155 1000 4219 quod
1038 4157 1241 4208 Gallice
1279 4166 1452 4212 sonat.

380 4230 640 4295 Princeps
655 4229 825 4280 civilis
840 4239 944 4293 est,
961 4232 1050 4297 qui
1068 4247 1169 4284 non
1186 4243 1452 4299 tyrannus,

380 4320 486 4362 nou
506 4307 678 4370 ferox,
697 4322 801 4358 nou
826 4309 1087 4374 impotens
1101 4318 1197 4363 est.
1250 4312 1450 4365 Contra

1591 4084 1621 4119 P
1638 4074 2142 4137 Necessariorumque]
2184 4072 2485 4124 Necessarii
2524 4071 2603 4123 di·

1534 4159 1743 4215 cnutur,
1769 4152 1852 4200 vel
1878 4150 2108 4213 cognati,
2131 4150 2212 4198 vel
2238 4146 2434 4199 affines.

1600 4242 1626 4279 s
1644 4225 2151 4294 Eloqueutioessstudio]
2189 4226 2407 4276 Sueton-
2439 4238 2488 4276 ο.
2519 4229 2604 4278 84.

1496 4357 1510 4368 f
1534 4318 1550 4346 ⁹
1568 4305 1959 4373 Eloquentiam,
1973 4302 2252 4368 studiaque
2272 4301 2608 4365 liberalia,ab
