3023 4942
2420 382 2552 451 191

346 539 491 617 lia,‘
536 559 693 624 quae
736 559 826 605 ex
863 538 1075 605 Attali
1117 537 1555 605 haereditateh
1601 547 1767 619 erat,
1812 537 2153 625 ageretur,¹
2192 545 2259 606 et
2300 543 2553 626 populo

348 641 781 707 divideretur.
863 644 932 706 6.
979 643 1242 707 Deinde
1295 662 1451 708 cum
1502 662 1861 725 prorogare
1912 643 2044 709 sibi
2095 639 2552 727 potestatem*

350 742 573 822 vellet,
606 743 913 809 adversis
954 744 1279 828 auspiciis
1317 746 1388 809 in
1429 743 1769 827 publicum
1804 745 2153 828 processit,
2182 745 2553 828 statimque

349 845 758 929 Capitolium
788 847 1006 930 petiit,
1036 867 1307 911 manum
1336 844 1425 911 ad
1456 853 1668 929 caput
1696 843 2049 928 referens3¹
2095 866 2234 931 quo
2262 846 2552 912 salutem

350 967 538 1012 suam
570 948 834 1032 populo
869 949 1407 1014 commendabat.
1489 951 1555 1014 ¹7.
1601 949 1765 1015 Hoc
1795 949 2107 1015 nobilitas
2134 951 2228 1014 ita
2255 948 2553 1030 accepit,

348 1049 546 1131 quasi
605 1050 921 1115 diadema
978 1056 1335 1136 posceret:
1403 1051 1824 1135 segniterque
1882 1056 2191 1117 cessante
2250 1050 2486 1118 Mucio
2510 1060 2553 1088 ¹²²

350 1153 650 1228 consule,
698 1152 933 1237 Scipio
978 1153 1262 1231 Nasica,
1298 1154 1495 1237 sequi
1539 1173 1614 1218 se
1650 1154 1890 1237 jussis,
1931 1154 2051 1237 qui
2090 1153 2347 1219 salvam
2387 1175 2551 1219 rem-

350 1255 512 1337 pub.
547 1255 846 1334 vellent,¹¹
885 1254 1267 1321 Gracchum
1305 1255 1374 1319 in
1406 1252 1821 1336 Capitolium
1852 1259 2248 1339 persecutus
2277 1276 2553 1339 oppres-

350 1359 459 1422 sit.
535 1356 600 1422 8.
646 1356 863 1441 Cujus
890 1378 1137 1441 corpus
1167 1356 1466 1422 Lucretii
1500 1357 1720 1421 aedilis
1749 1377 1947 1435 manu
1976 1358 2044 1422 in
2071 1357 2365 1422 Tiberim
2396 1359 2553 1422 mis-

351 1477 537 1539 sum3
600 1460 775 1524 unde
826 1459 943 1525 ille
996 1459 1308 1544 Vespillo
1360 1459 1631 1524 dictus.⁰
1725 1461 1790 1526 9.
1836 1458 2106 1526 Nasica
2154 1466 2229 1526 ut
2282 1459 2552 1525 invidiae

350 1560 864 1641 subtraheretur,
892 1582 1010 1646 per
1050 1561 1348 1646 speciem
1386 1561 1749 1647 legationis
1777 1561 1846 1626 in
1879 1560 2163 1627 Asiam?
2203 1562 2555 1646 ablegatus

349 1667 501 1727 est.q

749 397 849 446 ΠΒ
897 395 1105 448 Vnus
1155 392 1886 471 thUSTRmUsoAP.
1935 396 2148 447 thv.

1271 1762 1633 1784 001600000000

349 1843 367 1870 ‘
391 1842 566 1893 Aliter
600 1844 651 1893 iu
677 1845 809 1897 Mss.
833 1847 1037 1908 nostris,
1069 1852 1123 1897 ut
1145 1863 1207 1898 ex
1227 1863 1283 1897 ea
1311 1849 1533 1910 pecunia,
1564 1863 1669 1910 qnoe
1700 1849 1776 1907 de,
1808 1849 1889 1906 ᾂο.
1924 1850 2249 1910 praepostere
2283 1846 2555 1896 collocatis

351 1909 824 1970 praepositionibus.
893 1912 1049 1960 Forte
1086 1913 1360 1976 legendum
1401 1918 1457 1962 ut
1490 1914 1550 1961 de
1581 1927 1637 1962 en
1663 1911 1879 1972 familia,
1911 1926 2017 1974 qua
2038 1925 2101 1960 ex
2119 1909 2321 1959 Attali)
2350 1910 2558 1962 Schott.

347 1975 362 1998 ⁸
385 1974 531 2022 Leid.
554 1978 604 2024 2.
633 1975 692 2022 de
711 1975 911 2032 familia
932 1992 1037 2038 «μω
1058 1990 1121 2025 ex
1142 1977 1255 2026 Διί.
1307 1978 1485 2027 Haun.
1515 1992 1658 2040 vero,
1680 1976 1910 2026 Gratum.
1936 1974 2131 2026 Boend.
2155 1983 2210 2024 et
2230 1975 2384 2024 Fran.
2419 1982 2472 2025 ut
2494 1991 2557 2026 ex

334 2036 554 2096 senilia,
577 2054 683 2102 quae
702 2039 762 2087 de
782 2038 961 2100 Attali,
983 2043 1309 2104 transpositis
1331 2042 1442 2092 sine
1468 2039 1626 2091 dubio
1648 2040 2119 2105 praepositionibns.
2162 2040 2369 2089 Deinde
2394 2041 2556 2090 etiam

350 2104 576 2163 priscam
614 2118 731 2152 cum
764 2105 996 2154 omnibus
1030 2105 1152 2156 edd.
1172 2114 1228 2157 et
1249 2108 1380 2156 Mss.
1414 2107 1694 2156 lectionem
1719 2106 2014 2154 reduximus
2035 2110 2083 2154 et
2103 2106 2306 2168 pomata,-
2341 2105 2477 2169 quod
2503 2105 2556 2155 in

346 2172 402 2215 nt
425 2176 713 2217 mutaverat
731 2168 1014 2220 schottus!
1034 2169 1310 2221 Arma—6
1342 2171 1573 2234 Sequenti
1596 2185 1721 2219 anno
1745 2172 1881 2219 vellet
1899 2171 2029 2219 Mss.
2052 2184 2137 2232 ap.
2156 2170 2353 2220 Schott.
2386 2172 2557 2219 adeer-

345 2245 428 2279 sus
462 2234 676 2296 auspicia
710 2233 929 2284 Mediol.
1009 2234 1158 2283 Infra
1194 2237 1212 2264 ‘
1236 2251 1329 2298 qua
1368 2238 1570 2285 salutem
1604 2236 1770 2284 miuus
1810 2241 1955 2283 recte
1987 2234 2105 2282 edd.
2141 2234 2317 2283 Mach.
2342 2242 2395 2283 et
2418 2232 2559 2285 Am:

348 2297 621 2347 Arata—‘1
645 2298 931 2349 posceretur
951 2298 1072 2347 Ald.
1106 2300 1268 2349 Matio
1291 2300 1388 2349 Ed.
1412 2316 1490 2361 pr.
1517 2299 1640 2349 And.
1665 2314 1781 2362 quae
1808 2300 1998 2348 habent
2022 2296 2159 2347 infra
2178 2314 2230 2347 se
2247 2299 2421 2361 Jussit,
2442 2300 2523 2361 qui
2538 2315 2556 2347 .-

349 2360 449 2409 Ed.
488 2375 566 2425 pr.
593 2362 752 2411 etiam
791 2366 937 2426 qui..
956 2365 1142 2413 mellet-
1209 2364 1359 2413 Leid.
1398 2369 1448 2413 2.
1481 2365 1683 2413 salutem
1715 2364 1836 2424 reip.
1868 2364 2056 2413 vellent.
2120 2364 2254 2411 Tum
2281 2369 2559 2424 prosecutus

347 2434 567 2491 uterque
594 2426 835 2478 Leid.-8
857 2429 1035 2479 Verba
1055 2428 1272 2480 Lucretii
1294 2424 1641 2486 AEdilismnna
1674 2427 1727 2477 in
1760 2429 1859 2479 Ed.
1898 2442 1976 2491 pr.
2002 2426 2385 2478 desiderantur.
2451 2427 2558 2477 Vis-

343 2493 465 2604 ²{Silo
488 2493 612 2543 ΑΜ.
676 2493 897 2558 Vispillio
934 2496 1035 2545 Ed.
1066 2510 1145 2559 pr.
1180 2501 1400 2560 uterque
1424 2494 1576 2545 Leid.
1598 2499 1655 2545 et
1674 2493 1879 2546 Boend.
1899 2495 1952 2543 in
1972 2492 2111 2557 opilio
2133 2493 2285 2544 Fran.
2348 2493 2557 2557 Vespilio

398 2572 450 2605 ιι.
958 2581 963 2584 ⁴

1337 2671 1561 2722 NOTAE

414 2767 437 2803 ⁸
472 2760 759 2820 Desnmilia
778 2762 880 2826 [En
889 2759 1043 2824 fam-J
1064 2763 1213 2812 Beue
1238 2777 1268 2812 a
1293 2761 1416 2811 viris

350 2834 684 2886 doctissimis
709 2846 965 2902 notatum,
1011 2853 1190 2889 vocem
1224 2845 1239 2868 ⁸
1265 2837 1416 2888 fami·

344 2913 502 2963 liam'
537 2929 567 2963 a
589 2915 852 2964 veteribus
861 2914 1250 2978 jurisconsultis
1269 2928 1415 2964 usur-

340 2997 551 3053 patam,
572 3005 674 3054 qua
704 2992 978 3054 pecuniam
1011 2996 1065 3039 et
1098 3004 1300 3039 omnem
1325 2989 1416 3046 bo·

348 3078 532 3118 norum
556 3067 896 3116 substantiam
922 3065 1315 3129 significareut3
1357 3072 1415 3115 ut

347 3140 402 3188 in
445 3154 552 3190 x11.
596 3141 788 3191 tabulis
841 3143 857 3170 ⁸
881 3143 1145 3205 proximus
1193 3148 1415 3205 agnatus

348 3216 597 3268 familiam
622 3217 830 3269 habeto.
899 3218 1136 3269 Gentiles
1168 3216 1415 3267 familiam

352 3292 683 3343 erciscunto.'
743 3294 816 3343 Et
835 3293 975 3356 apud
995 3294 1219 3344 Terent.
1237 3293 1415 3342 Heau-

350 3374 462 3418 ton.
506 3375 611 3419 act.
651 3382 706 3417 v.
741 3383 814 3417 sc.
851 3373 898 3417 1.
927 3369 1176 3418 ·‘Decem
1212 3367 1414 3418 dierum

352 3441 438 3490 vix
462 3442 586 3492 mihi
611 3451 696 3492 est
715 3441 951 3492 familia.'
1008 3461 1011 3464 ¹

415 3517 441 3551 ¹¹
461 3519 624 3568 Attali
640 3519 843 3583 hoered.]
861 3518 1034 3569 Attali
1053 3519 1309 3570 haeretlem
1333 3517 1414 3569 fu-

352 3593 457 3645 isse
480 3596 631 3645 Rom.
656 3597 901 3661 populum
926 3606 1103 3648 notum
1128 3604 1228 3649 est.

419 3668 434 3702 ¹
465 3670 734 3734 Ager-etur]
788 3672 869 3721 Ea
910 3671 1107 3721 familia
1149 3676 1412 3736 ageretur,

353 3745 658 3809 eleganter:
694 3746 972 3807 ‘ageretur
992 3745 1059 3796 de
1085 3761 1148 3796 ea
1183 3746 1412 3796 familia-⁹

353 3820 440 3869 Sic
465 3819 638 3870 Cicer.
671 3822 725 3870 in
761 3823 957 3874 Loelioz
990 3826 1006 3853 ⁸
1027 3823 1093 3872 Iu
1119 3823 1305 3888 quibus
1329 3838 1417 3873 eo·

353 3911 464 3945 rum
490 3904 582 3946 aut
602 3904 762 3960 capnt
785 3900 974 3962 agitur,
997 3906 1088 3949 aut
1119 3898 1294 3950 fama?
1347 3901 1418 3950 Et

350 3972 563 4021 Terent.
605 3972 871 4025 Heauton.
905 3976 1061 4025 ‘Non
1095 3991 1236 4026 nunc
1257 3991 1417 4041 pecu·

352 4048 440 4096 nia
484 4048 692 4112 agitur?
755 4050 969 4101 Frustra
1008 4051 1169 4116 igitur
1200 4053 1415 4105 doctiss.

353 4123 645 4175 Gronovius
666 4126 725 4176 de
746 4140 804 4175 en
826 4127 1026 4187 familia
1057 4129 1232 4191 leger-e
1259 4129 1419 4192 jubet

352 4201 406 4248 iu
445 4199 581 4253 notis
627 4202 692 4253 ad
755 4204 971 4256 Senecae
1010 4205 1416 4257 controversiam

355 4288 437 4327 ιι.
695 4294 705 4302 ⁸

1560 2759 1585 2794 ¹¹
1618 2760 1935 2823 Potestatem]
1972 2755 2362 2809 Tribunatum-⁸
2400 2757 2418 2785 ‘
2438 2757 2562 2807 Tib.

1496 2836 1785 2904 Gracchus,
1806 2836 1944 2901 quod
1978 2838 2166 2886 iterum
2191 2834 2426 2885 tribunus
2451 2834 2561 2896 ple·

1496 2912 1575 2961 bis
1617 2911 1733 2963 fieri
1773 2914 1954 2975 vellet,
1991 2908 2233 2962 occisus.’
2300 2910 2469 2980 Cicer.
2503 2910 2558 2959 in

1497 2989 1656 3038 Catil.

1562 3061 1577 3097 ¹
1611 3065 1813 3113 Manum
1853 3066 1919 3114 nd
1959 3069 2105 3128 caput
2142 3062 2373 3126 reserens]
2419 3062 2562 3112 Flor-

1495 3138 1622 3188 ibid.
1643 3140 1811 3188 ‘Inde
1844 3154 1964 3189 cum
1998 3139 2051 3188 in
2078 3138 2396 3201 Capitolium
2435 3151 2558 3202 pro·

1497 3212 1739 3278 fugisset,
1764 3215 2077 3277 plebemque
2111 3211 2178 3261 ad
2205 3210 2559 3261 defensionem

1497 3289 1682 3338 salutis
1738 3303 1863 3346 suae,
1905 3303 2057 3337 manu
2109 3294 2273 3351 caput
2319 3295 2561 3352 tangens,

1496 3364 1813 3420 hortaretur,
1838 3362 2067 3427 proebuit
2088 3363 2317 3426 speciem
2343 3377 2558 3426 reguum

1497 3441 1601 3490 sibi
1634 3447 1689 3491 et
1710 3441 1949 3490 diadema
1979 3440 2270 3503 poscentis3
2306 3447 2463 3504 atque
2488 3441 2562 3490 ita

1496 3516 1629 3567 duce
1667 3518 1914 3580 Scipione
1959 3516 2175 3577 Nasica,
2207 3517 2467 3566 concitato
2506 3518 2557 3565 in

1496 3611 1641 3647 arma
1683 3596 1897 3661 populo,
1934 3589 2079 3658 quasi
2114 3594 2240 3657 jure
2282 3608 2560 3658 oppressus

1494 3672 1613 3722 est.'

1559 3755 1596 3783 ¹¹²
1629 3746 1820 3809 Mucio]
1854 3746 1990 3799 Pub.
2014 3745 2197 3797 Mucio
2221 3747 2476 3799 Scaevola.

1563 3830 1588 3856 ¹¹
1625 3823 1724 3880 Qui
1753 3825 1933 3873 salvam
1963 3837 2113 3886 remp.
2145 3824 2342 3887 uellent]
2379 3825 2560 3875 Solen·

1499 3900 1579 3948 nis
1609 3901 1803 3960 civium
1839 3898 1904 3949 ad
1941 3914 2106 3964 remp.
2121 3898 2406 3962 juvandam
2438 3913 2559 3951 evo-

1498 3975 1783 4025 candorum
1810 3973 2049 4024 formula.
2541 3969 2544 3972 ’

1562 4060 1588 4086 ⁰
1627 4050 1833 4114 Vespillo
1857 4050 2037 4113 dictus]
2071 4052 2205 4102 Nam
2230 4051 2560 4115 ‘vespillones

1497 4128 1830 4189 dicebantur,
1867 4127 2055 4191 quibus
2094 4141 2371 4192 corporum
2409 4141 2560 4193 sepe-

1498 4204 1789 4255 liendorum
1815 4216 1956 4253 cura.

1566 4288 1592 4323 Ρ
1625 4278 1817 4343 Anium]
1852 4278 2186 4344 Pergamum.
