3023 4942
505 368 638 436 296
1062 422 1069 434 .
1120 384 1351 434 sax-rr
1403 383 1728 434 Aunanu
1776 384 2129 435 vro‘ronrs

506 529 824 614 gabalum
872 529 1027 613 Syri
1073 527 1371 604 vocant:¹
1414 523 1734 611 tanquam
1774 528 2040 611 asylum
2063 528 2480 595 ‘insidiarum
2527 537 2697 599 metu

506 632 912 715 confugerat,
942 631 1229 715 hincque
1256 626 1744 714 Heliogabalus
1764 630 2022 712 dictus;
2068 633 2533 715 translatoque
2563 632 2696 697 Ro·

504 755 686 800 mam
720 735 853 800 Dei
885 735 1246 799 simulacro
1281 735 1352 799 in
1397 734 1637 817 palatii
1677 734 2131 818 penetralibus
2160 734 2448 819 [palatia
2463 732 2518 814 ⁶]
2549 754 2696 799 con-

505 838 738 903 stituit.
827 838 988 902 Hoc
1018 838 1350 920 impurius
1378 856 1464 901 ne
1510 837 1841 920 improbae
1873 837 2143 919 quidem
2177 844 2297 902 aut
2324 836 2700 919 petulantes

502 940 820 1004 mulieres
849 938 1070 1007 fuere:
1116 940 1372 1023 quippe
1392 941 1557 1003 orbe
1596 944 1739 1004 toto
1776 939 2337 1004 obscoenissimos
2366 938 2700 1021 perquire-

498 1043 643 1116 bat,
681 1042 983 1106 visendis
1010 1039 1501 1107 ‘tractandisve
1537 1042 1801 1105 artibus
1843 1041 2199 1106 libidinum
2237 1040 2704 1107 ferendarum.⁸

504 1142 568 1207 2.
615 1143 795 1209 Haec
836 1164 990 1209 cum
1025 1150 1410 1226 augerentur
1445 1145 1516 1209 in
1557 1143 1726 1221 dies,
1757 1164 1839 1208 ac
1867 1145 2083 1227 magis
2113 1144 2461 1227 magisque
2491 1140 2699 1233 Alex·

493 1242 749 1322 andri,¹¹
808 1266 1033 1328 quem,
1086 1252 1430 1328 comperta
1479 1244 1691 1328 Opilii
1751 1266 1939 1321 nece,
2000 1246 2338 1312 Gaesarem
2385 1244 2702 1308 nobilitas

504 1345 1048 1435 nuncupaverat,i
1091 1368 1279 1414 amor
1318 1349 1791 1425 cumularetur,
1842 1350 1913 1412 in
1945 1349 2188 1415 castris
2218 1348 2553 1433 praetoriis
2593 1348 2706 1410 tri-

505 1449 765 1516 ce'simo
793 1450 977 1532 regni
1005 1470 1235 1515 mense
1259 1445 1287 1485 ¹‘
1315 1469 1683 1535 oppressus
1712 1457 1843 1516 est.

1434 1614 1798 1636 Onmlneu

573 1713 709 1764 Car.
732 1726 908 1763 xxm.
974 1718 995 1763 1
1034 1713 1100 1764 'rb
1133 1714 1335 1777 palatia,
1372 1721 1429 1765 ut
1465 1716 1780 1777 redundans,
1811 1714 1866 1765 in
1904 1713 2048 1765 uncis
2070 1712 2280 1763 inclusit
2303 1713 2509 1764 Schott.
2571 1713 2707 1763 Vide

505 1779 634 1835 Not.
662 1779 847 1841 Delph.
914 1781 930 1807 ‘
948 1779 1012 1829 In
1037 1782 1379 1841 suspicionem
1404 1781 1584 1843 incidi,
1613 1784 1728 1831 loco
1745 1780 2015 1830 ⁴mendosas
2040 1780 2277 1830 lectionis
2293 1780 2501 1841 palatia,
2519 1778 2707 1827 substi-

505 1842 756 1909 tuendum
780 1859 892 1893 esse
925 1844 978 1894 in
1012 1846 1222 1906 palatino
1263 1846 1399 1907 (scil.
1423 1846 1646 1909 monte).
1693 1847 1947 1896 Arntzen.
1978 1845 2206 1906 conjecit
2243 1845 2402 1906 palam
2440 1842 2715 1906 constituit,

498 1923 716 1969 nempe,
731 1916 786 1958 nt
806 1909 870 1958 ab
893 1911 1127 1957 omnibns
1144 1911 1441 1959 coleretur:
1479 1911 1707 1961 Grnuer.
1728 1912 1971 1969 opinatus
1996 1916 2076 1958 est
2089 1910 2250 1973 palum
2268 1906 2527 1970 templum?
2558 1908 2711 1957 Harl.

504 1972 569 2022 Iu
594 1988 738 2037 seqq.
773 1980 789 2002 ‘
810 1974 1137 2023 Ferendarum
1156 1976 1373 2037 exponit
1392 1976 1631 2025 Klotzius
1662 1977 1712 2024 iu
1736 1977 1892 2026 Misc.
1918 1975 2051 2024 Crit.
2071 1989 2122 2037 p.
2142 1977 2224 2022 39.
2257 1980 2272 2002 ‘
2295 1987 2415 2036 quae
2449 1973 2512 2021 iis
2538 1971 2709 2034 perse*-

505 2039 684 2086 rendae
710 2047 857 2087 erant
876 2037 908 2085 ε’
942 2047 996 2088 at
1019 2040 1267 2088 Schottus
1291 2041 1341 2089 in
1365 2039 1601 2104 ferarum,
1636 2041 1899 2090 olivarius
1921 2040 2087 2087 innon
2108 2039 2438 2098 fenendor-ani,
2458 2035 2710 2086 Arntzen.

503 2102 556 2151 in
578 2103 895 2162 nefandarum
915 2110 1115 2154 mutare
1140 2106 1427 2153 voluerunt.
1498 2106 1776 2168 Ingeniosa
1796 2113 1878 2154 est
1903 2104 2131 2154 Gruneri
2164 2104 2465 2168 conjectura
2499 2104 2708 2152 silenda·

502 2167 647 2225 rum?
680 2168 930 2221 Harl—2
962 2170 1194 2234 Pompilii
1220 2185 1312 2233 pro
1338 2170 1496 2233 Opilii
1516 2178 1639 2220 ante
1661 2172 1867 2221 Schott.
1888 2170 2189 2233 legebatur.

1499 2301 1724 2352 NOTAE

564 2391 591 2426 ‘¹
627 2394 777 2450 Quem
813 2394 1181 2457 Heliogabalum
1211 2397 1333 2462 Syri
1367 2397 1564 2461 vocant]

498 2470 627 2532 'Non
661 2475 676 2498 ‘
699 2470 1123 2535 Heliogabalnm’
1155 2475 1292 2538 Syri,
1313 2478 1451 2540 quod
1486 2475 1564 2526 di-

501 2547 769 2596 midiatum
794 2547 1035 2599 Graecum
1056 2558 1137 2599 est
1157 2549 1309 2608 ἥλιος·
1342 2550 1436 2600 sed
1458 2552 1473 2577 ‘
1489 2549 1565 2601 A·

500 2623 815 2685 lahgaba13'
866 2624 920 2673 id
964 2633 1061 2681 est,
1103 2629 1118 2654 ‘
1143 2627 1294 2676 Deus
1349 2624 1570 2676 monst'

504 2700 640 2763 quod
666 2703 808 2750 Deus
843 2701 931 2750 ille
967 2709 1108 2752 esset
1139 2717 1169 2751 e
1203 2718 1331 2753 saxo
1358 2703 1473 2752 rudi
1508 2707 1567 2756 et

504 2774 766 2838 impolito,
810 2776 863 2826 iu
909 2778 1116 2828 modum
1158 2779 1313 2841 plane
1354 2780 1566 2828 montis.

504 2845 681 2902 Graeci
706 2866 849 2915 vero,
871 2867 1060 2901 nomen
1083 2853 1182 2903 hoc
1204 2852 1567 2914 deflectentes,

501 2929 612 2990 ejus
638 2930 975 2992 asperitatem
1010 2930 1248 2993 proxime
1281 2929 1347 2978 ad
1381 2944 1563 2979 sonum

500 3005 696 3067 linguae
747 3020 855 3054 snae
910 3007 1142 3054 emollire
1197 3005 1370 3055 conati
1424 3012 1564 3070 sunt,

503 3082 897 3144 pronuntiantes
921 3087 1353 3131 HAIOI'ABAAOC.
1421 3082 1563 3133 Vide

504 3172 626 3221 quae
668 3158 762 3207 viri
798 3159 1079 3207 doctissimi
1120 3158 1258 3222 apud
1295 3157 1566 3219 Lamprid.

505 3241 795 3295 notavere3
844 3243 901 3283 et
945 3249 1061 3299 quae
1107 3234 1171 3282 ab
1219 3234 1565 3282 illustrissimo

506 3312 866 3372 Bochartmet
887 3326 1007 3376 quae
1040 3326 1071 3360 a
1105 3311 1332 3361 Seldeno
1366 3311 1567 3376 scripta

507 3397 646 3437 sunt.

512 3487 523 3490 ·
571 3473 598 3498 Β
622 3463 842 3526 Palatia]
872 3461 1121 3513 Abundat
1136 3463 1249 3513 haec
1264 3478 1390 3523 vox3
1415 3462 1568 3527 quip-

507 3555 576 3603 pe
613 3555 731 3603 que
768 3549 893 3605 nata
930 3554 960 3588 e
999 3541 1252 3604 superiori
1292 3541 1307 3567 ‘
1330 3538 1567 3604 palatii·'

509 3616 695 3680 Neque
739 3616 1026 3665 audiendus
1070 3618 1328 3667 Gruterus
1371 3617 1461 3679 qni
1514 3617 1565 3665 in

507 3693 622 3755 ejus
652 3696 818 3741 locum
850 3694 1120 3743 substituit
1140 3694 1359 3757 pellacia,
1393 3693 1444 3740 id
1468 3699 1571 3755 est,

508 3769 805 3832 lupanaria;
852 3783 914 3817 eo
961 3770 1097 3831 quod
1144 3767 1282 3832 apud
1329 3768 1566 3831 Lampri-

509 3845 647 3895 dium
680 3846 903 3908 legatur,
929 3845 1256 3909 ‘Lupanaria
1272 3844 1408 3894 dorni
1440 3845 1567 3893 ami-

509 3921 603 3976 cis,
649 3922 943 3978 clientibus,
983 3931 1039 3971 et
1076 3922 1239 3969 servis
1280 3918 1567 3970 exhibuit.’

510 3996 641 4049 Quae
663 3999 817 4048 lectio
837 3998 881 4047 si
904 3996 1288 4061 admitteretur,
1309 4010 1452 4045 mera
1486 4011 1569 4045 es·

1644 2403 1725 2447 set
1758 2393 2088 2452 ᾰνακολουθία.
2123 2395 2357 2446 trmulam
2386 2393 2587 2443 Romam
2610 2391 2713 2442 Dei

1642 2474 1897 2524 simulacro
1927 2473 1979 2523 in
2013 2473 2189 2536 palatii
2221 2469 2543 2534 penetralibus
2577 2469 2710 2532 lupo-

1643 2553 1785 2602 nov-ia
1820 2551 2092 2601 eonditait.
2166 2550 2362 2600 Omnes
2404 2548 2711 2611 intelligunt

1645 2629 1768 2694 quid
1792 2628 1985 2677 dicam.

1713 2702 1733 2738 f
1768 2703 2013 2769 Visendis]
2049 2701 2116 2752 Id
2146 2708 2248 2764 est,
2270 2707 2287 2732 ⁸
2306 2699 2712 2765 perquirendis,’

1647 2776 2092 2843 {investigandisss
2157 2777 2348 2827 Nescio
2377 2792 2448 2825 au
2479 2775 2604 2825 alibi
2628 2789 2711 2831 rea

1648 2857 1901 2920 periatur.
1978 2855 2245 2905 Olivarius
2272 2853 2544 2918 fingendis.
2605 2851 2707 2901 Sed

1645 2947 1747 2981 nou
1773 2940 1970 2981 temere
1995 2929 2287 2980 damnanda
2311 2932 2481 2998 altera
2504 2928 2676 2977 lectio.

1708 3017 1734 3054 ε
1765 3009 2044 3059 Libidinum
2061 3005 2396 3067 ferendarum]
2429 3004 2711 3061 olivarius,

1644 3087 1760 3135 Non
1770 3087 2097 3145 serendarum.
2160 3084 2276 3148 Ego
2298 3081 2606 3147 suspicabar
2625 3096 2706 3131 ue-

1633 3162 1920 3223 fundarum.

1712 3236 1736 3271 ¹¹
1767 3237 2064 3302 Alexandri]
2130 3238 2212 3287 De
2256 3249 2362 3306 quo
2407 3233 2580 3309 capite
2628 3248 2708 3283 se·

1684 3315 1852 3362 uenfi.

1647 3329 1679 3378 q
1713 3368 1728 3421 3
1767 3378 2006 3437 chsorem
2057 3384 2284 3436 nobilitas
2336 3384 2706 3452 nuncupaverat]

1645 3463 1992 3513 Nobilitatem
2018 3478 2114 3528 pro
2137 3468 2326 3511 senatu
2347 3462 2503 3511 dixit.
2548 3463 2708 3511 Sena-

1647 3546 1731 3589 tus
1765 3541 1926 3596 enim,
1948 3537 2234 3588 interfecto
2268 3538 2527 3600 Macrino,
2553 3537 2709 3602 Alex&

1647 3614 1863 3664 andrum
1903 3617 2167 3665 Caesarem
2212 3614 2552 3677 nuncupavit,
2586 3628 2705 3663 con·

1649 3692 1908 3741 sentiente
1933 3691 2290 3755 Heliogabalo.
2673 3737 2680 3740 ,

1714 3766 1741 3802 ¹¹
1777 3769 2032 3818 fficesimo
2051 3768 2192 3829 regni
2223 3768 2400 3831 mense]
2427 3766 2711 3815 Tricesimo

1650 3843 1898 3906 secundo,
1910 3843 2131 3905 Eutrop.
2146 3840 2236 3890 sed
2258 3842 2409 3891 ambo
2431 3840 2546 3890 salai
2571 3831 2705 3890 sunt.

1652 3920 1912 3985 Regnavit
1946 3920 2082 3968 enim
2116 3934 2200 3968 an.
2222 3921 2271 3967 3.
2297 3933 2498 3968 menses
2519 3923 2572 3969 9.
2598 3916 2708 3967 dies

1652 3997 1704 4046 4.
1770 3995 1909 4044 Vide
1935 3995 2178 4045 Dionem.
