3023 4942
2480 400 2572 466 45

365 555 791 642 disciplinam
834 554 1102 649 colendi
1134 553 1317 623 ruris
1353 554 1651 639 edocuit,
1694 559 1770 621 ut
1812 556 2087 641 quidem
2129 555 2430 624 indicant
2470 557 2574 624 illi

365 680 647 728 versus:
2149 692 2154 695 ·

626 763 702 827 Is
728 781 938 847 genus
968 761 1263 827 indocile
1291 781 1375 827 ac
1406 760 1783 844 dispersum
1817 761 2157 827 montibus
2190 761 2352 828 altis

626 864 1051 949 Composuit,
1083 866 1405 948 legesque
1435 862 1645 940 dedit,
1675 863 2078 948 Latiumque
2109 862 2369 929 vocari*

626 967 897 1038 Maluit,
915 956 1022 1031 his
1050 968 1363 1051 quoniam
1393 965 1707 1032 latuisset
1731 972 1917 1031 tutus
1947 967 2016 1030 in
2045 967 2202 1030 oris-

362 1068 430 1132 4.
475 1063 734 1133 Istum¹⁵
761 1069 969 1133 etiam
998 1078 1191 1133 usum
1222 1067 1525 1149 signandi
1556 1068 1735 1144 aeriS,
1757 1087 1841 1132 ac
1871 1074 2160 1133 monetae
2187 1069 2259 1133 in
2286 1068 2571 1136 formam

361 1168 770 1235 incutiendae
803 1170 1182 1235 ostendisse
1221 1170 1529 1248 traditur,
1556 1170 1623 1233 in
1653 1190 1789 1253 qua
1827 1171 1914 1234 ab
1958 1189 2091 1234 una
2133 1161 2321 1254 parte
2364 1176 2575 1257 caput

362 1268 543 1355 ejus*
582 1273 1089 1357 imprimeretur,
1133 1272 1350 1337 altera
1389 1273 1611 1348 navis,
1644 1292 1778 1356 qua
1805 1277 2045 1338 vectus
2087 1272 2208 1338 illo
2251 1280 2414 1339 erat.
2503 1279 2573 1342 5.

364 1374 567 1440 Unde
595 1376 933 1461 hodieque
964 1376 1289 1440 aleatores
1318 1376 1546 1457 posito
1575 1393 1850 1439 nummo
1880 1383 2317 1460 opertoque,¹⁸¹
2349 1379 2572 1462 optio-

363 1495 522 1541 nem
551 1476 1006 1544 collusoribus
1035 1482 1295 1562 ponunt
1324 1475 1754 1552 enuntiandi,
1778 1478 1940 1562 quid
1981 1484 2219 1563 putent
2261 1482 2573 1560 subesse,

310 1598 319 1603 “
365 1586 601 1663 caput,
655 1587 776 1646 aut
823 1601 1101 1647 navem:
1156 1580 1340 1665 quod
1387 1598 1563 1645 nunc
1614 1580 1828 1662 vulgo·
1861 1588 2362 1666 corrumpentes
2411 1586 2434 1619 ‘
2451 1603 2570 1648 na·

359 1681 575 1745 viam'
606 1682 897 1748 dicunt.¹¹
983 1683 1050 1749 6.
1098 1683 1311 1747 AEdes
1342 1702 1615 1767 quoque
1659 1683 1791 1746 sub
1838 1683 2018 1749 clivo
2054 1683 2569 1767 CapitolinQin

364 1803 502 1869 quo
547 1786 905 1871 pecuniam
957 1786 1294 1852 conditam
1342 1785 1676 1861 habebat,
1713 1786 2047 1852 AErarium
2100 1785 2409 1852 Saturni⁰
2454 1786 2569 1852 ho-

778 410 1013 461 omno
1060 408 1338 459 GEN'HS
1385 410 1751 462 ROMANAE.
1841 412 2006 463 031².
2058 413 2177 463 111.

1292 1932 1653 1955 WMNOW

364 2013 683 2078 inperfecto,
725 2016 811 2067 cui
844 2017 1138 2081 supplendo
1174 2017 1420 2068 Schottus
1457 2016 1679 2078 addidit,
1702 2015 1839 2083 quod
1874 2016 1925 2067 in
1966 2016 2072 2067 Ms.
2102 2016 2272 2080 deest,
2305 2015 2486 2065 dicitur
2505 2021 2572 2066 et.

362 2081 543 2130 Minus
566 2081 677 2131 abit
697 2090 876 2132 nostra
897 2081 1228 2133 emendatio-⁸
1244 2082 1532 2132 Scriverius.
1566 2082 1716 2146 prob.
1741 2082 1932 2134 Arntz.
1985 2082 2258 2132 Insinmse
2279 2081 2484 2146 (dicitur
2498 2081 2571 2145 et)

363 2145 778 2196 Schott.Gaesb.
795 2147 982 2212 Delph.
998 2148 1281 2200 Pium-4
1301 2148 1439 2197 Vide
1453 2149 1587 2197 Not.
1606 2147 1796 2210 Delph.
1813 2144 2020 2196 inst—5..
2037 2146 2284 2195 Naviundi
2301 2160 2478 2195 omues
2495 2160 2576 2194 re-

348 2211 524 2277 ,tiquae
539 2211 663 2262 edd.
683 2221 880 2276 proeter
892 2212 1299 2277 Schoenberger.
1329 2212 1443 2263 Aut
1460 2212 1648 2263 deesse
1668 2226 1845 2263 vocem
1868 2220 1961 2262 aut
1971 2210 2163 2261 ndum
2184 2213 2461 2275 legendum
2482 2225 2577 2276 pu·

1354 2341 1572 2394 NOTAE

361 2440 568 2486 eantur.
622 2438 801 2490 Quare
822 2437 961 2489 forte
978 2453 1106 2489 vera
1125 2438 1195 2490 sit
1214 2438 1430 2490 doctiss.

363 2513 613 2564 Scriverii
651 2516 977 2579 conjectura,
1021 2516 1110 2581 qui
1146 2516 1292 2579 legit,
1327 2516 1429 2571 Qui

363 2590 520 2639 uitam
534 2592 906 2655 moresqueferis
920 2593 1065 2642 etiam
1080 2592 1437 2642 inminentibus

361 2666 617 2716 insinuans
636 2670 700 2717 ad
719 2683 1028 2730 communem,
1049 2670 1134 2732 ξε.

433 2739 449 2774 ¹
477 2742 764 2807 Latiamque
796 2743 980 2806 omri]
1014 2743 1172 2794 ovid.
1206 2745 1348 2793 Fast-
1384 2758 1426 2796 ι»

363 2816 382 2845 ⁸
406 2818 575 2867 Dicta
597 2833 807 2885 quoque
827 2827 908 2869 est
931 2821 1139 2871 Latium
1172 2829 1332 2885 terra,
1352 2822 1426 2871 la-

368 2897 516 2942 tente
540 2894 692 2945 Deo.’

432 2968 457 3002 ¹¹
489 2972 669 3037 latam]
704 2974 986 3025 Saturnum
1012 2974 1231 3027 scilicet.
1264 2976 1333 3025 sl.
1353 2976 1430 3025 le-

368 3056 499 3112 gunt
523 3049 578 3097 Is
594 3054 717 3099 tum.

433 3122 448 3155 ¹
484 3124 779 3189 Caputcv‘us]
811 3125 935 3176 Jani
958 3141 1061 3176 non
1077 3125 1309 3176 Saturni.
1342 3125 1430 3175 De

364 3200 466 3251 hoc
490 3216 592 3251 aere
615 3202 704 3252 ubi
724 3203 790 3253 ab
811 3218 915 3253 una
943 3212 1095 3268 parte
1118 3204 1286 3253 forma
1305 3204 1430 3258 Jani

366 3276 571 3340 biceps,
597 3285 652 3327 et
675 3279 741 3346 al)
758 3280 923 3346 altera
935 3281 1063 3330 ratis
1081 3287 1198 3330 etat
1212 3281 1427 3344 impres-

366 3367 441 3409 sa,
466 3353 624 3404 Ovid.
645 3355 787 3405 Fast.
807 3370 855 3405 ιι
882 3363 895 3384 ·
913 3357 1018 3408 Sed
1041 3370 1133 3406 cur
1157 3354 1350 3416 navalis
1373 3354 1427 3403 in

348 3445 474 3502 haere
496 3431 682 3482 Altera
703 3434 906 3497 signata
937 3441 1040 3498 est,
1071 3436 1237 3485 altera
1259 3433 1430 3483 forma

363 3508 585 3572 biceps?
619 3512 855 3562 Noscere
890 3527 975 3563 me
1015 3512 1215 3576 duplici
1251 3525 1429 3577 posses

364 3584 419 3633 in
440 3586 684 3650 imagine,
705 3588 872 3650 dixit3
910 3589 976 3639 Ni
1002 3598 1152 3638 vetus
1174 3591 1293 3651 ipss
1316 3588 1427 3637 dies

368 3671 682 3712 extenuaret
695 3679 844 3728 opus.
912 3666 1085 3715 Causa
1108 3664 1234 3715 ratis
1250 3677 1430 3729 super.-

369 3745 470 3788 est.
533 3739 766 3790 Tuscum
800 3747 925 3791 rate—
948 3741 1095 3791 venit
1125 3742 1177 3790 in
1223 3755 1428 3790 amnem

365 3812 517 3864 Ante·
548 3823 819 3878 pererrato
850 3815 1060 3867 falcifer
1091 3818 1218 3867 orbe
1263 3817 1430 3867 Deus.

366 3887 442 3939 At
467 3889 602 3939 bona
625 3891 906 3953 posteritas
943 3892 1158 3955 puppim
1184 3890 1432 3944 formavit

367 3967 422 4014 in
446 3981 561 4016 aere-
578 3966 815 4032 Hospitis
838 3968 1121 4019 adventum
1146 3968 1432 4020 testificata

362 4042 522 4092 Dei-’⁸

1509 2437 1713 2490 Ludum
1740 2452 2002 2503 vocamus,
2012 2436 2153 2500 jouer
2167 2441 2200 2490 ὰ
2220 2438 2359 2489 croix
2380 2453 2441 2489 ou
2458 2438 2576 2504 pile.

1561 2525 1587 2552 ¹¹
1601 2516 1619 2544 ⁸
1636 2518 1845 2567 Nauium
1856 2515 2198 2581 *[nam‘gandi]
2212 2516 2403 2580 dicunt]
2427 2517 2491 2567 In
2507 2517 2576 2569 al.

1510 2593 1783 2646 Naviandi.
1812 2594 1919 2644 Sed
1939 2593 2218 2656 legendum
2241 2592 2433 2642 naviam
2446 2598 2574 2652 ,·.est

1509 2675 1685 2720 autem
1701 2669 1854 2719 navia
1866 2670 2002 2719 idem
2017 2670 2155 2735 quod
2175 2665 2350 2732 linter,
2366 2669 2456 2719 ‘ex
2471 2683 2574 2718 uno

1508 2745 1652 2809 ligno
1666 2746 1949 2809 exculpt03
1981 2752 2039 2795 ut
2053 2747 2218 2803 navis,
2237 2761 2338 2810 quo
2353 2751 2575 2795 utuntur

1510 2822 1659 2871 alveo
1673 2822 1726 2871 in
1742 2818 2037 2871 vindemia?
2060 2822 2205 2871 Fest.
2221 2823 2410 2884 Pomp.
2422 2821 2575 2884 hujus

1506 2905 1684 2947 nutem
1699 2897 1772 2946 rei
1790 2896 2028 2947 meminit
2050 2897 2289 2952 Macrob.
2306 2897 2574 2948 Satur-nal.

1509 2986 1551 3022 1.
1582 2976 1632 3022 7.
1675 2974 1692 3001 ⁸
1715 2971 1884 3025 Janns
1922 2986 2038 3022 cum
2083 2973 2363 3023 Saturnum
2406 2974 2575 3024 classe

1509 3058 1815 3114 pervectum
1837 3049 2132 3112 excepisset
2154 3049 2399 3113 hospitio,
2422 3059 2478 3099 et
2507 3050 2576 3099 ab

1509 3142 1573 3177 eo
1597 3126 1815 3177 edocms
1844 3126 2088 3190 peritiam
2123 3127 2277 3188 ruris,
2311 3124 2479 3175 ferum
2515 3126 2578 3176 il·

1509 3204 1613 3252 lum
1658 3208 1716 3252 et
1753 3202 1933 3251 rudem
1970 3209 2094 3252 ants
2121 3197 2577 3266 stages‘cognitas

1514 3280 1708 3329 victum
1747 3279 1810 3328 in.
1844 3280 2025 3328 melius
2070 3277 2384 3341 redegisset,
2423 3278 2574 3340 regni

1511 3356 1912 3408 eumsocietate
1937 3353 2246 3405 muneravit.
2313 3354 2443 3403 Cum
2468 3353 2577 3416 pri·

1510 3447 1621 3482 mus
1657 3445 1866 3499 quoque
1906 3445 2015 3481 aera
2051 3432 2308 3494 signaret,
2345 3426 2579 3479 servavit

1510 3517 1569 3561 et
1610 3509 1663 3559 in
1706 3509 1805 3558 hoc
1847 3507 2062 3559 Saturni
2106 3504 2476 3569 reverentiam,
2516 3511 2580 3554 ut

1509 3587 1749 3652 quoniam
1773 3587 1860 3635 ille
1882 3585 2002 3634 navi
2021 3583 2195 3633 fuerat
2214 3583 2484 3641 advectus,
2507 3596 2577 3632 ex

1496 3678 1615 3734 ‘una
1635 3662 1845 3728 quidem
1870 3669 2023 3724 parte
2047 3660 2336 3722 suicapitis
2359 3656 2581 3722 effigies,

1509 3754 1579 3790 ex
1615 3741 1782 3789 alters
1825 3753 1952 3788 vero
1989 3738 2133 3787 navis
2173 3736 2578 3799 exprimeretur,

1510 3830 1615 3881 quo
1636 3815 1850 3866 Satuuni
1874 3814 2172 3863 memoriam
2196 3812 2354 3860 etiam
2379 3811 2430 3859 in
2457 3825 2576 3873 pos-

1511 3899 1656 3942 teros
1680 3896 2015 3954 propagaret.
2082 3889 2173 3940 AEs
2192 3887 2268 3937 ita
2290 3883 2452 3936 fuisse
2473 3885 2576 3948 sig-

1510 3976 1692 4020 natum
1727 3967 1981 4034 hodieque
2002 3963 2331 4027 'intelligitur
2362 3963 2414 4010 in
2446 3961 2575 4010 aleae

1509 4049 1647 4112 lusu,
1670 4063 1789 4097 cum
1817 4047 1963 4111 puer-i
1988 4045 2230 4095 denarios
2266 4043 2319 4091 in
2354 4039 2576 4088 sublime

432 4128 467 4152 ¹¹²
502 4120 671 4170 Posito
690 4137 878 4171 nummo
899 4120 1173 4186 opertoque]
1209 4123 1328 4173 Non
1348 4138 1428 4173 so·
1502 4125 1770 4189 jactantes
1820 4124 2007 4186 capita.
2048 4128 2140 4170 aut
2190 4119 2413 4179 naviam,
2461 4117 2576 4166 lusu

365 4195 470 4243 lum
498 4197 757 4258 posito,et
778 4199 1165 4271 operto,sed.et
1190 4200 1241 4247 in
1267 4200 1429 4249 altum

358 4271 526 4335 jacto.
594 4271 838 4339 Utroque
872 4276 1026 4326 modo
1056 4275 1315 4342 hodieque
1348 4276 1430 4330 fit.

1511 4208 1651 4252 teste
1675 4201 1982 4255 vetustatis,
1997 4194 2333 4262 exclamant!

1575 4284 1601 4311 ⁰
1635 4275 1884 4327 AEraem’um
1922 4272 2150 4336 Saturni]
2205 4272 2349 4323 Cave
2394 4269 2577 4321 credas
