3023 4942
436 394 525 456 40
1032 413 1257 460 snx‘rr
1310 414 1638 462 Annum
1693 415 2045 465 v1o'rou1s
2119 406 2165 488 ’-

434 552 877 635 affirmarent3
946 559 1148 622 veluti
1209 558 1387 624 hune
1440 559 1666 644 ipsum
1721 559 2144 635 Saturnum‚‘¹
2198 576 2418 645 quem·
2461 563 2643 629 Coeli

430 662 497 720 et
545 656 776 721 Terrae
832 659 1085 722 filium⁰
1148 680 1299 724 esse
1352 661 1693 727 dixerunt.
1781 664 1843 725 3.
1896 660 2106 740 Quod
2164 683 2318 728 cum
2368 666 2468 729 ita
2525 685 2642 730 ex·-

430 756 787 833 istimetur,
837 767 1089 824 certum
1136 770 1363 826 tamen
1422 771 1547 836 est,
1603 764 1894 845 priorem
1940 764 1986 828 J
1993 784 2192 829 anum
2251 766 2321 829 in
2371 766 2641 832 Italiam

427 857 842 939 devenisse‚f
881 865 969 926 ab
1028 883 1241 948 eoque
1300 870 1583 948 posteat
1646 868 2017 931 venientem
2077 874 2436 952 exceptum
2488 888 2640 934 esse

425 961 801 1027 Saturnum.
890 965 956 1028 4.
1004 965 1201 1030 Unde
1240 965 1740 1049 intelligendum
1794 974 1924 1044 est,
1964 966 2318 1051 Virgilium
2361 991 2641 1055 qnoque

425 1083 561 1127 non
594 1065 1003 1146 ignoratione
1043 1069 1287 1132 veteris
1326 1067 1686 1147 historiae,¹¹
1727 1069 1852 1135 sed
1893 1090 2019 1134 suo
2048 1074 2307 1150 more,‘
2324 1073 2643 1155 primum'

428 1166 689 1231 dixisse
747 1168 1133 1249 Saturnum,
1179 1191 1340 1248 non,
1398 1181 1556 1237 ante
1609 1194 1804 1257 quem
1861 1192 2095 1253 nemo;
2163 1174 2366 1238 sed‘
2397 1175 2643 1259 princi-

423 1287 613 1350 pem:
617 1265 665 1302 ’ἰ
712 1274 784 1333 ut
830 1277 848 1304 ‘
880 1270 1103 1354 Trojae
1150 1273 1270 1356 qui
1315 1273 1606 1358 primus¹=
1650 1279 1737 1342 ab
1783 1275 1961 1341 oris?
2047 1277 2115 1340 5.
2159 1274 2328 1340 Cum
2374 1278 2639 1359 procul-

424 1370 947 1451 dubioconstet,
970 1381 1125 1439 ante
1157 1376 1451 1442 AEneam
1475 1379 1763 1463 priorem
1796 1374 2241 1445 Antenorem¹
2269 1381 2336 1442 in
2364 1376 2640 1444 Italiam

1419 1560 1642 1612 NOTAE

421 1670 481 1714 ut
501 1680 610 1724 eos,
642 1683 860 1732 quorum
889 1671 1142 1735 originem
1173 1675 1497 1737 ignorarent,

419 1741 609 1805 quique
631 1745 829 1805 grande
843 1747 1053 1810 aliquod
1074 1749 1382 1800 beneficium
1402 1751 1491 1800 ho-

417 1817 644 1868 minibus
669 1824 1060 1883 praestitissent,
1079 1826 1238 1889 Deos,
1253 1834 1350 1875 eta
1369 1828 1492 1877 Diis

414 1902 562 1944 ortos
586 1909 701 1945 esse
719 1898 1028 1949 crederent.
1055 1915 1174 1950 nam
1200 1902 1339 1952 idem
1362 1904 1494 1966 Lys-

416 1974 554 2023 treni
574 1975 639 2023 de
663 1976 736 2024 D.
772 1977 940 2028 Paulo
961 1987 1016 2028 et
1035 1980 1309 2041 Barnaba3
1353 1982 1492 2031 idem

419 2055 476 2097 et
497 2050 586 2098 alii
612 2050 903 2111 credidere,
944 2061 1001 2104 ut
1035 2070 1102 2105 ex
1137 2057 1299 2106 sacris
1321 2058 1490 2108 literis

424 2130 606 2175 notum
625 2136 726 2177 est.

474 2199 499 2234 ‘¹
539 2203 702 2254 Veluti
723 2206 848 2254 hunc
874 2207 1030 2270 ipsum
1053 2207 1346 2271 Saturnum]
1384 2211 1486 2262 Qui

419 2292 537 2327 cum
562 2280 712 2329 homo
741 2291 885 2331 esset
919 2288 975 2332 et
1007 2299 1039 2332 a
1065 2285 1235 2346 ,Creta
1264 2287 1487 2350 veniret,

422 2355 490 2403 ob
514 2356 635 2405 vitae
669 2359 1023 2421 integritatem
1052 2371 1107 2410 et
1128 2376 1158 2411 a
1185 2363 1300 2413 Diis
1319 2370 1488 2427 ortus,

431 2436 489 2481 et
511 2447 541 2480 a
557 2433 686 2482 coelo
709 2436 881 2498 lapsus
904 2436 1138 2487 creditus
1161 2443 1260 2488 est.

480 2514 504 2540 ⁶
538 2511 664 2559 Coeli
684 2517 734 2562 et
759 2513 1118 2577 Terra-filium]
1153 2513 1398 2578 Orpheus
1424 2514 1491 2564 de

420 2585 666 2637 Saturno.
731 2588 875 2648 Γαίης
894 2608 952 2638 τε
974 2589 1238 2652 βλάστημα
1258 2590 1339 2640 καὶ
1358 2591 1492 2655 οὖρα·

414 2663 498 2711 νοῦ
536 2663 864 2727 ἀστερόεντος.
928 2668 994 2716 Id
1024 2676 1109 2717 est
1147 2674 1384 2732 terraque
1422 2670 1497 2718 in-

415 2747 704 2789 crementum
743 2748 793 2791 et
842 2744 948 2804 qoeli
1003 2745 1169 2793 lucidi.
1243 2746 1495 2797 Quamvis

419 2830 538 2866 enm
564 2817 654 2865 alii
675 2816 878 2868 Oceani
904 2825 960 2869 et
980 2820 1208 2883 Tethyos
1230 2822 1391 2871 filium
1417 2823 1492 2872 di·

424 2898 567 2943 cunt.

470 2968 507 3003 'f
534 2970 759 3020 Priorem
789 2971 972 3022 Janum
994 2973 1048 3021 in
1077 2972 1200 3022 Ital.
1229 2974 1496 3038 devenisse]

420 3046 592 3098 Immo
626 3056 683 3097 et
704 3057 826 3097 ante
854 3050 1066 3099 Saturni
1092 3050 1374 3101 adventum
1400 3052 1495 3103 Ja-

421 3124 651 3174 niculum
670 3124 994 3175 condiderat.
1027 3125 1149 3175 vid.
1168 3127 1333 3177 Ovid.
1349 3129 1494 3178 Fast.

423 3202 517 3254 lib.
543 3216 582 3252 ι.

491 3288 520 3323 c
551 3279 630 3330 Ab
662 3289 806 3344 eoque
832 3287 1017 3345 postea,
1045 3283 1152 3347 ssa]
1188 3282 1348 3333 Ovid.
1380 3286 1497 3335 loco

427 3361 586 3420 supra
613 3357 831 3407 laudato
863 3359 939 3407 sic
972 3357 1165 3408 Janum
1192 3361 1496 3425 ‘loquentem

428 3432 650 3481 inducit.
686 3434 701 3461 ‘
723 3433 844 3482 Hac
865 3447 967 3496 ego
989 3434 1268 3485 Samum
1288 3437 1496 3486 memini

429 3510 619 3558 tellure
644 3515 914 3573 receptum
938 3506 1213 3560 Coelitilius
1239 3513 1412 3575 regnis
1431 3514 1498 3562 ab

428 3585 564 3639 Jove
607 3586 787 3649 pulsus
838 3594 974 3637 erat.
1041 3586 1174 3636 Inde
1219 3587 1306 3637 diu
1353 3588 1499 3650 genti

431 3664 619 3711 mansit
655 3662 895 3711 Saturnia
930 3677 1153 3712 nomen:
1191 3665 1346 3714 Dicta
1370 3680 1498 3729 quo-

435 3752 537 3803 que
572 3745 653 3787 est
694 3739 896 3788 Latium
932 3746 1091 3795 terra,
1127 3742 1328 3789 latente
1364 3741 1498 3792 Deo.

433 3815 562 3879 Ipse
598 3814 761 3863 solum
797 3815 933 3864 colui
967 3816 1114 3879 cujus
1150 3816 1502 3878 placidissima

436 3894 627 3941 laevum
665 3892 823 3941 Radit
857 3893 1061 3941 arenosi
1094 3887 1326 3941 ‘Tibridis
1363 3892 1503 3943 unda

439 3970 597 4018 latus.
662 3967 788 4025 Hic,
822 3968 911 4017 ubi
946 3982 1086 4017 nnnc
1122 3968 1289 4016 Roma
1309 3976 1407 4032 est,
1425 3969 1501 4018 in·

435 4044 626 4095 caedua
661 4045 808 4107 sylva
842 4044 1078 4104 virebat3
1102 4044 1385 4107 ‚Tantaque
1418 4059 1502 4095 res

437 4123 617 4185 paucis
640 4134 829 4183 pascua
848 4119 1025 4170 bubus
1049 4129 1184 4170 erat.
1248 4120 1361 4169 Arx
1383 4136 1503 4173 mea

438 4197 588 4247 collis
610 4201 744 4257 erat,
767 4207 920 4259 quem
944 4195 1128 4258 vulgus
1150 4195 1358 4245 nomine
1381 4211 1500 4247 nos·

359 4305 362 4309 x
438 4281 523 4325 tro
558 4275 610 4325 N
616 4279 867 4337 uncupat‚
891 4271 1003 4322 baec
1027 4280 1156 4323 aetas
1177 4273 1501 4328 Janiculum-

1577 1692 1680 1744 que
1706 1677 1896 1730 vocat?

1642 1751 1668 1786 ¹¹
1705 1754 1820 1803 Non
1850 1754 2152 1815 ignoratione
2189 1751 2363 1802 veteris
2399 1744 2644 1810 historice]

1574 1830 1710 1879 Nam
1742 1836 1799 1881 et
1829 1839 2060 1878 veterem
2083 1828 2353 1878 historiam
2375 1841 2475 1875 non
2498 1827 2645 1888 igno-

1572 1920 1717 1954 rasse
1762 1907 2037 1969 Virgilium
2082 1910 2316 1975 testatur,
2343 1905 2488 1952 loeus
2526 1903 2644 1951 AEn.

1572 1996 1675 2032 vu.
1699 1986 1813 2032 177.
1833 1984 1899 2030 de
1935 1982 2084 2044 regia
2119 1983 2254 2042 Pici,
2289 1981 2380 2029 ubi
2404 1988 2642 2028 veterum

1569 2071 1782 2106 avorum
1822 2055 2020 2120 effigies
2054 2071 2085 2106 e
2117 2057 2280 2107 cedro
2314 2054 2530 2105 stabant
2572 2069 2641 2103 ex

1571 2136 1788 2184 ordine:
1823 2137 1839 2163 ‘
1861 2135 2157 2201 Italusque,
2190 2142 2443 2198 paterque
2488 2131 2639 2181 Sabi·

1571 2227 1670 2260 nus
1710 2210 1985 2273 vitisator,
2030 2226 2243 2260 curvam
2289 2223 2501 2259 servans
2546 2207 2645 2256 sub

1571 2287 1795 2351 imagine
1831 2287 2020 2337 falcem
2060 2288 2425 2351 Saturnusque
2459 2299 2645 2341 senex,

1565 2365 1799 2428 sanique
1846 2363 2085 2413 bifrontis
2142 2365 2315 2427 imago
2357 2364 2640 2414 Vestibulo

1573 2441 1840 2504 astabant,
1881 2442 2073 2507 aliique
2112 2442 2179 2492 ab
2213 2438 2414 2507 origine
2456 2441 2650 2506 reges,’

1573 2521 1675 2570 ἀρ.

1639 2593 1655 2628 ¹
1688 2594 1789 2644 Sed
1804 2594 2090 2659 principem]
2123 2594 2245 2644 Hoc
2262 2595 2519 2657 est,inter
2537 2594 2648 2657 pri-

1577 2686 1723 2721 mos.
1748 2671 1933 2720 eodem
1968 2671 2119 2720 modo
2145 2672 2323 2721 Graeci
2348 2671 2531 2721 dicunt
2556 2672 2653 2721 Δῖα

1577 2746 1747 2803 θεάων,
1777 2746 2023 2809 πρώτιστα
2043 2747 2208 2811 θεάων,
2226 2748 2391 2797 divina
2419 2749 2650 2812 Deamm,

1572 2827 1733 2889 primu
1779 2824 2011 2889 Deorum,
2044 2824 2095 2873 id
2122 2832 2223 2886 est,
2274 2824 2412 2873 inter
2457 2825 2649 2887 primas

1576 2904 1745 2953 Deae.

1644 2978 1669 3012 ¹1
1708 2978 1863 3039 Trojoe
1896 2978 1978 3041 qui
2014 2974 2225 3040 primus]
2259 2976 2427 3026 Initio
2465 2975 2559 3024 lib.
2601 2989 2647 3027 1.

1577 3054 1786 3105 AEneid.
1828 3066 2121 3115 quanquam
2157 3050 2230 3099 ibi
2270 3058 2284 3080 ⁴
2308 3050 2545 3100 Primus'
2578 3050 2648 3100 ad

1573 3115 1592 3159 '⁴
1609 3131 1918 3193 Lavinaque
1940 3124 2155 3189 littora,’
2188 3125 2372 3176 referri
2397 3142 2546 3191 posse
2570 3128 2649 3176 vi·
2697 3137 2712 3156 ·

1581 3205 1789 3267 dentur,
1833 3209 1894 3251 ut
1943 3202 2192 3265 Virgilius
2237 3202 2384 3251 dicat
2429 3202 2648 3251 AEneam

1580 3281 1803 3345 primum
1824 3279 2021 3329 venisse
2044 3277 2236 3326 Lavina
2260 3277 2457 3327 littora.
2508 3279 2650 3328 Nam

1581 3356 1683 3407 alio
1728 3356 1814 3404 alii
1860 3354 2130 3416 appulere.
2193 3352 2296 3402 Sed
2332 3354 2516 3401 melius
2545 3352 2650 3413 pri-

1577 3434 1735 3494 mus,‘
1763 3434 2005 3497 princeps
2038 3430 2179 3478 inter
2210 3426 2445 3492 primos,'
2478 3434 2538 3478 ut
2559 3443 2648 3477 su-

1579 3526 1697 3575 pra,
1719 3510 1793 3559 sic
1816 3508 2002 3557 eodem
2025 3506 2118 3555 lib.
2142 3520 2219 3555 vs.
2240 3508 2325 3554 27.
2361 3512 2375 3534 ⁴
2391 3505 2454 3553 Id
2478 3512 2648 3555 metu·

1581 3602 1674 3635 ens
1701 3585 1993 3647 veterisque
2024 3595 2224 3631 memor
2248 3580 2500 3630 Saturnia
2524 3580 2650 3630 belli

1582 3661 1762 3711 Prima
1785 3658 1923 3724 quod
1948 3657 2011 3706 ad
2034 3656 2244 3720 Trojarn
2265 3669 2359 3718 pro
2380 3655 2513 3705 caris
2530 3665 2647 3718 ges-

1580 3744 1725 3788 serat
1746 3734 1941 3799 Argis.’
2008 3734 2201 3796 Prima,
2223 3732 2275 3788 id
2296 3739 2398 3794 est,
2427 3738 2442 3760 ⁸
2461 3731 2514 3779 in
2540 3732 2649 3794 pri-

1582 3811 1733 3874 mis;'
1769 3827 1888 3862 nam
1912 3816 2036 3859 ante
2061 3809 2320 3863 ,lunonem
2350 3807 2544 3870 primus
2578 3806 2649 3857 ad

1581 3890 1787 3953 TroJam
1839 3887 2029 3936 bellurn
2079 3890 2315 3949 gesserat
2364 3881 2647 3932 Hercules.

1582 3967 1672 4017 Sic
1708 3978 1918 4027 semper
1938 3963 2091 4026 virg.
2126 3967 2185 4011 et
2214 3957 2412 4023 optime
2450 3959 2648 4010 Noster

1584 4057 1742 4107 supra
1760 4040 1896 4091 dixit
1916 4039 1934 4067 ‘
1948 4052 2091 4087 more
2108 4034 2239 4086 suo!

1648 4119 1662 4153 ¹
1695 4119 1922 4170 Priorem
1954 4110 2271 4173 Antenorem]
2306 4111 2493 4173 Neque
2531 4115 2647 4159 tan-

1584 4202 1691 4248 tum
1712 4196 2054 4255 Antenorem,
2074 4189 2167 4241 sed
2184 4187 2651 4254 Capymvolitem,

1582 4279 1683 4327 ὅτε.
