3023 4942
414 350 504 418 58

416 510 769 588 burienis?
804 511 1072 576 venisse
1114 531 1198 576 eo
1238 512 1664 577 sciscitatum
1691 505 1777 576 de
1808 519 1998 577 statu
2027 511 2441 578 {ortuum-um
2475 531 2632 579 sua·

417 630 616 677 rum:
663 612 1004 695 editisque
1055 613 1238 687 fatis,
1299 615 1614 690 vetitum,
1671 629 1755 678 ne
1809 613 1874 679 is
1914 616 2258 696 cognitam
2307 616 2375 679 iu
2424 615 2634 683 Italia

419 714 728 798 sepeliret
775 713 1236 797 Prochytam,⁰
1285 716 1685 797 cognatione
1734 716 1867 780 sibi
1918 715 2373 799 conjunctam,
2427 738 2635 801 quam

417 815 825 881 incolumem
851 812 1240 899 reliquerat.
1324 819 1391 881 2.
1437 814 1528 882 Et
1556 823 1916 903 postquam
1954 818 2043 883 ad
2079 819 2375 884 classem
2414 819 2636 899 rediit,

400 918 806 1001 'reperitque
864 928 1215 991 mortuam,
1272 919 1344 983 in
1394 921 1621 985 insula
1677 922 1986 1006 proxima
2009 929 2037 970 Ρ
2082 921 2428 1004 sepelisse,
2474 941 2632 1005 quoe

422 1039 595 1085 nunc
636 1028 963 1104 quoque‘¹
1011 1021 1252 1086 eodem
1295 1030 1404 1087 est
1448 1023 1738 1098 nomine,
1778 1029 1854 1089 ut
1887 1023 2196 1087 scribunt
2223 1022 2587 1088 Vulcatius
2611 1031 2633 1059 ²

421 1130 497 1186 et
552 1120 824 1187 Acilius
873 1122 1060 1187 Piso.
1141 1124 1212 1188 3.
1256 1124 1428 1190 Inde
1484 1126 1853 1209 profectum
1907 1125 2303 1210 pervenisse
2349 1126 2418 1190 in
2479 1140 2637 1189 eum

421 1223 667 1300 locum,
719 1223 843 1308 qui
900 1240 1076 1289 nunc
1120 1231 1357 1309 portus
1414 1223 1671 1293 Caietae
1696 1234 1718 1263 ⁸
1777 1228 2177 1311 appellatur,
2231 1246 2324 1291 ex
2376 1228 2639 1295 nomine

424 1326 708 1390 nutricis
729 1325 750 1364 ²
795 1327 964 1412 eju&
997 1347 1199 1411 quam
1230 1326 1480 1394 ibidem
1513 1329 1837 1394 amissam
1867 1328 2159 1412 sepeliit.
2206 1358 2214 1365 «
2242 1329 2308 1392 4.
2351 1326 2447 1393 At
2476 1346 2635 1393 vero

427 1427 666 1493 Gaesar
691 1436 763 1493 et
794 1429 1273 1513 Sempronius²¹
1303 1433 1505 1509 aiunt,
1537 1431 1797 1498 Caietae
1829 1446 2202 1514 cognomen
2233 1429 2476 1506 fuisse,
2504 1447 2642 1495 non

426 1547 700 1609 nomen,
731 1551 819 1595 ex
847 1551 929 1595 eo
961 1532 1225 1599 scilicet
1253 1533 1557 1606 inditum,
1585 1533 1767 1617 quod
1805 1532 1953 1618 ejus
1991 1531 2280 1597 consilio
2313 1528 2642 1616 impulsu·

427 1634 561 1714 que
607 1638 855 1697 matres
901 1631 1219 1717 Trojanae
1270 1634 1475 1700 taedio
1526 1634 1710 1717 longi
1751 1634 2008 1716 navigii
2057 1634 2338 1698 classem
2384 1633 2639 1698 ibidem

427 1731 891 1809 incenderint,¹
948 1734 1200 1800 Graeca
1266 1736 1535 1801 scilicet
1585 1735 2046 1821 appellatione
2111 1734 2223 1799 ἀπὸ
2283 1739 2383 1797 τοῦ
2423 1733 2641 1812 καίειν,

429 1832 616 1918 quod
645 1842 750 1900 est
775 1833 1119 1902 incendere.
1208 1837 1273 1903 5.
1320 1832 1491 1902 Inde
1530 1836 1618 1902 ad
1660 1852 1805 1902 eam
1850 1836 2072 1902 Italiae
2102 1856 2312 1915 oram,
2356 1856 2508 1921 quae
2551 1838 2640 1902 ab

1349 1968 1715 1991 OOOOOOOOOOOO

430 2046 572 2098 tibus
592 2055 857 2113 corruptae
881 2047 1119 2101 lectionis
1142 2050 1311 2101 minus
1333 2048 1539 2100 recedit
1557 2047 1867 2110 conjectura
1895 2047 2089 2098 Ortelii
2115 2047 2167 2095 in
2191 2046 2306 2110 ejus
2327 2047 2481 2097 Thes.
2503 2046 2646 2099 Geo-

339 2142 345 2149 ·
431 2110 617 2177 graph.
640 2127 755 2162 voc.
787 2117 803 2143 ⁶
822 2114 1165 2165 cimbarionis
1181 2115 1196 2139 '
1218 2124 1275 2165 et
1295 2116 1311 2144 ‘
1329 2114 1649 2175 Euxinium‚’
1665 2114 1752 2180 qui
1773 2113 2070 2176 suspicatur
2086 2112 2414 2169 Cimmerium,
2433 2122 2545 2173 aut,
2570 2115 2645 2165 uti

431 2177 669 2242 Heyuius
692 2179 823 2228 Eae.
854 2180 922 2228 ad
954 2178 1100 2243 virg.
1123 2194 1201 2230 vr.
1240 2183 1424 2243 ruem.
1454 2180 1667 2241 scripsit
1691 2177 2001 2238 Cimmerion,
2035 2178 2170 2241 quod
2207 2174 2459 2239 oppidum
2486 2177 2647 2242 juxta

428 2243 599 2295 lacum
627 2240 887 2294 Avernum
927 2246 1074 2307 pouit
1103 2244 1338 2295 Plinius.’
1366 2245 1519 2294 Harl.
1585 2246 1602 2274 ⁸
1627 2245 1889 2306 Cognitum
1928 2256 2021 2305 pro
2051 2244 2525 2304 interpretamento
2558 2244 2647 2292 ha-

431 2306 557 2356 bent
581 2306 833 2358 Arntzen.
861 2316 917 2360 et
940 2310 1114 2374 Heyn.
1138 2312 1174 2361 l.
1199 2311 1293 2360 cit.
1325 2310 1465 2372 prior
1501 2317 1676 2359 tamen
1712 2322 1920 2372 quoque
1946 2308 2267 2357 substituere
2295 2308 2441 2357 malit
2466 2323 2647 2369 coguu-

430 2377 550 2433 tam,
571 2370 663 2437 (ex
688 2373 878 2423 Naevio
901 2377 1036 2437 apud
1058 2376 1293 2425 Servium
1319 2364 1385 2423 ad
1412 2372 1558 2438 Virg.
1579 2375 1698 2423 AEn.
1718 2386 1796 2423 tx.
1812 2370 1956 2436 715.)
1979 2380 2032 2421 et
2059 2373 2216 2420 verba
2243 2373 2514 2440 sequentia
2536 2388 2649 2434 eog-

429 2438 625 2488 natione
645 2437 738 2487 sibi
759 2439 1052 2502 conjunctum
1083 2456 1113 2490 a
1137 2442 1270 2491 mala
1292 2450 1444 2489 manu
1468 2452 1534 2488 ex
1560 2440 1726 2504 glossa
1751 2437 2020 2502 marginali
2047 2443 2261 2500 recepta
2289 2444 2469 2500 putat:
2509 2437 2649 2486 Gru·

432 2517 545 2553 ner.
563 2504 849 2554 rescribere
863 2506 1018 2569 jubet
1039 2508 1276 2562 denatum,
1294 2504 1434 2570 quod
1456 2506 1763 2554 vocabulum
1788 2503 2060 2568 sequentia
2079 2519 2221 2566 quum
2238 2504 2515 2552 incolumem
2535 2504 2651 2553 reli·

431 2574 618 2630 querat,
636 2574 692 2617 et
709 2579 847 2625 mox,
866 2574 1135 2634 reperitque
1149 2578 1383 2620 mortuam
1403 2568 1707 2619 desiderare
1729 2564 2030 2619 videantur.
2097 2568 2334 2617 Klotzius
2351 2569 2400 2616 in
2419 2568 2648 2617 Miscell.
2685 2621 2688 2626 ,

435 2634 614 2684 critic.
644 2633 769 2683 nihil
798 2644 1001 2694 mutat3
1035 2644 1091 2684 et
1122 2635 1364 2697 cognitam
1394 2636 1628 2698 explicat
1652 2634 1750 2697 vel,
1784 2634 1801 2662 ‘
1825 2646 1981 2697 quam
2017 2634 2148 2681 bene
2185 2632 2287 2681 ‘am
2312 2642 2490 2683 notam
2513 2631 2652 2695 sibi:

435 2696 538 2761 vei,
578 2700 594 2727 ⁸
613 2712 682 2747 ne
702 2699 952 2760 sepeliret
974 2699 1309 2762 Prochytam,
1336 2695 1475 2748 illius
1499 2708 1666 2750 morte
1695 2701 1907 2762 cognita
1941 2695 2049 2748 sive
2083 2712 2147 2746 au
2189 2699 2258 2746 ita
2281 2697 2333 2746 iu
2367 2695 2560 2753 Italia,’
2593 2705 2651 2748 et

434 2759 615 2813 laudat
639 2762 919 2815 Burmann.
941 2764 1006 2814 ad
1030 2765 1208 2824 Ovidii
1226 2766 1445 2816 Metam.
1470 2775 1575 2815 xn-
1650 2764 1756 2822 An,
1781 2762 1820 2814 f.
1842 2765 2037 2827 cognitu
2059 2762 2269 2813 Μεθ’
2302 2761 2451 2813 Harl.

1432 2871 1652 2926 NOTAE

436 2952 626 3018 perias.
690 2953 966 3005 Dubitsvit
989 2955 1159 3005 Ortel.
1183 2967 1304 3005 num
1327 2956 1504 3019 legen·
1584 2954 1689 3020 χύο
1705 2954 1958 3020 profundo,
1981 2951 2192 3016 effundo.
2258 2949 2379 3001 vid.
2400 2947 2538 3000 Pliu.
2562 2948 2655 2998 lib.

437 3028 561 3078 dnm
591 3030 658 3078 sit
688 3028 925 3079 Ausonius
943 3046 964 3088 ,·
1002 3030 1138 3094 quod
1175 3028 1288 3079 fieri
1326 3031 1507 3095 nequit
1587 3021 1675 3084 in.
1698 3047 1816 3096 cap.
1839 3035 1890 3081 6.
2412 3035 2416 3038 ⁷

437 3105 538 3154 nisi
575 3105 734 3154 etiam
765 3119 925 3170 supra
956 3121 1051 3169 pro
1083 3105 1269 3157 Euxini
1301 3109 1507 3170 legatur
1629 3116 1674 3143 ν’
1712 3104 1979 3170 Vulcatius]
2017 3105 2210 3156 Nescio
2245 3120 2312 3154 an
2347 3103 2391 3155 is
2431 3103 2501 3153 sit
2540 3087 2653 3153 Vui-

988 350 1243 418 'suxrt
1296 363 1629 418 Ausum
1679 364 2035 418 waronis

438 3182 662 3243 Ausonii,
694 3183 832 3246 qnod
857 3183 1048 3232 nemini
1075 3183 1402 3247 probabitur.

504 3265 530 3290 ¹²
557 3256 901 3321 Cimber-ionis]
939 3259 1144 3308 Nomen
1165 3258 1303 3308 istud
1323 3259 1508 3309 nullibi

440 3333 580 3400 apud
626 3331 754 3382 alios
801 3342 1040 3383 auctores
1092 3335 1302 3400 legitur,
1346 3350 1507 3399 quare

438 3407 737 3473 corluptum
762 3411 967 3473 putavit
998 3410 1168 3460 Ortel.
1203 3412 1507 3475 legendum-

441 3500 544 3548 que
568 3486 897 3547 Cimmerium,
918 3486 1058 3551 quod
1083 3488 1334 3552 oppidum
1351 3489 1510 3552 juxta

439 3560 900 3610 laeum-Avernum
925 3565 1160 3625 agnoscit
1184 3564 1324 3613 Plin.

507 3641 532 3670 ⁰
553 3636 869 3701 Prochytam]
895 3637 974 3688 De
994 3637 1259 3703 Prochyta
1278 3637 1510 3703 muliere,

443 3712 618 3764 AEneae
654 3715 966 3777 cognatione
998 3716 1295 3779 conjuncta,
1322 3711 1398 3764 nil
1429 3729 1511 3764 re·

443 3790 617 3855 perire
642 3792 808 3852 potui.

506 3875 534 3910 ι’
556 3868 620 3917 In
638 3868 795 3917 insula
811 3869 1058 3934 proximu]
1094 3867 1158 3917 In
1181 3868 1296 3917 siau
1314 3863 1513 3918 Puteo-

450 3945 588 3994 lano.

510 4027 537 4062 ¹1
573 4021 696 4076 Quae
714 4034 839 4069 nunc
859 4017 1062 4084 quoque]
1097 4017 1381 4085 Prochyta,
1405 4033 1513 4071 me-

445 4097 546 4150 lius
570 4098 657 4147 alii
682 4097 1003 4163 Prochytam
1024 4098 1091 4147 ab
1115 4096 1369 4149 effusione
1403 4098 1515 4148 dic—

1587 3186 1741 3237 catius
1764 3183 2097 3234 Terentianus.

1654 3266 1673 3291 ⁸
1706 3260 1891 3308 Portus
1919 3258 2127 3321 Caietoe]
2160 3257 2334 3306 Hodie
2358 3256 2556 3307 Gsists.

1656 3336 1673 3368 ²
1690 3336 1775 3384 Ex
1790 3336 1976 3384 nomine
1994 3333 2224 3397 nutricis]
2246 3334 2430 3397 virgil.
2449 3333 2539 3382 lib.
2551 3345 2656 3382 ΥΠ.

1591 3410 1796 3462 AEnsid.
1818 3411 1988 3460 initio.
2019 3412 2133 3461 ‘Tu
2155 3423 2360 3475 quoque
2392 3409 2656 3459 littoribus

1590 3488 1795 3549 nostris,
1822 3487 2003 3537 AEneia
2033 3489 2228 3550 nutrix,
2250 3485 2518 3537 AEternam
2547 3500 2672 3546 tno-,

1591 3564 1727 3615 riens
1750 3565 1961 3629 famam,
1985 3566 2187 3625 Caieta,
2210 3562 2442 3616 dedisti.’

1655 3650 1679 3677 ¹¹
1714 3637 2040 3706 Sempronius]
2077 3641 2409 3704 Sempronius
2443 3637 2658 3697 Asellio,

1591 3727 1653 3769 ut
1690 3727 1840 3783 puto,
1875 3720 1962 3783 qui
2005 3733 2177 3767 rerum
2215 3718 2557 3767 Romanarum
2597 3717 2660 3766 li-

1594 3796 1713 3846 bros
1752 3796 1980 3859 scripsit.
2031 3795 2152 3845 Fuit
2174 3796 2231 3843 et
2256 3794 2391 3842 alter
2416 3793 2660 3855 Sempro·

1590 3873 1726 3928 nius,
1766 3872 1827 3921 C.
1870 3871 2077 3933 Sempr.
2130 3867 2421 3918 Tuditanus
2465 3867 2658 3925 dictus,

1592 3960 1746 4015 quem
1769 3947 1854 3998 hic
1876 3946 2067 4011 signari
2093 3959 2195 3994 non
2219 3953 2367 4007 puto.

1657 4031 1686 4058 ¹
1722 4024 1930 4072 Classem
1964 4021 2139 4071 ibidem
2178 4018 2511 4083 incenderint]
2545 4015 2664 4070 vir·
2712 4063 2720 4070 ,

1597 4098 1752 4165 gilius
1776 4097 2020 4147 tamenin
2042 4093 2216 4147 Sicilia
2240 4097 2461 4146 classem
2487 4087 2665 4151 incen-

445 4169 554 4226 tam
590 4175 790 4236 volunt,
825 4174 1022 4238 quippe
1056 4187 1172 4239 quae
1208 4175 1276 4224 ab
1305 4174 1519 4226 AEnaria
1598 4187 1706 4226 sam
1740 4175 1887 4231 dicit,
1920 4185 2022 4223 non
2058 4173 2110 4221 in
2146 4172 2343 4237 Italia;
2375 4181 2431 4225 et
2451 4175 2664 4226 hortatu

449 4251 520 4304 sit
552 4249 780 4318 profusa.
847 4248 1050 4301 Grecis
1085 4248 1306 4314 προχύτη
1339 4259 1517 4321 ιιι-προ.

1596 4252 1779 4319 Iridis,
1803 4266 1907 4303 non
1929 4247 2147 4302 Caietae.
