3023 4942
479 381 612 446 328
1075 399 1307 447 sexi-1
1359 400 1688 448 Aunnmr
1741 400 2099 474 vici-oms

482 544 820 626 quoniam,
848 543 1120 624 cognita
1151 541 1364 607 Probi
1395 551 1637 621 morte,
1669 545 2118 609 barbarorum·
2148 546 2398 629 quique
2417 565 2682 631 1oppor-

481 651 636 710 tune
665 643 1082 715 invaserant,
1112 645 1340 710 ‚misso
1397 644 1485 708 ad
1561 645 2049 713 munimentum
2120 646 2373 712 Galliae
2431 646 2685 731 majore

479 743 670 824 ίὶίἰο,ἀ
703 745 1460 815 Numerianicomitatu
1501 745 2171 831 inrMesopotamiam
2215 748 2437 832 pergit
2473 749 2683 830 proti-

479 866 654 928 nus3
700 848 884 932 quod
938 867 1022 912 ea
1071 847 1431 921 Persarum
1468 849 1682 931 quasi
1733 849 1994 915 solenni
2043 850 2225 915 bello
2278 851 2533 917 subest.
2609 851 2685 914 3.

479 949 621 1016 Ubi
661 950 837 1015 fusis
866 950 1198 1026 hostibu8‚
1229 949 1388 1014 dum
1428 951 1660 1032 glor-iae
1689 951 2075 1016 inconsulte
2120 951 2685 1029 avidior,⁸.Ctesi-

478 1053 762 1134 phonta,
796 1053 1024 1145 urbem
1064 1051 1362 1116 Parthiae
1385 1047 1434 1107 f·
1463 1052 1811 1137 inclytam,
1848 1053 2352 1136 transgreditur,
2386 1042 2685 1120 fulminis

481 1159 665 1220 tactu
695 1154 1158 1237 conflagravit.
1229 1155 1297 1217 4.
1326 1153 1407 1218 Id
1435 1156 1707 1238 quidam
1729 1155 1880 1239 jure
1906 1155 1969 1220 ei
1999 1157 2333 1221 accidisse
2363 1157 2683 1224 referunt-t

477 1276 635 1321 nam
667 1276 824 1321 cum
855 1257 1137 1329 oracula
1167 1256 1614 1332 docuissent,g
1644 1258 1731 1322 ad
1758 1278 1973 1341 usque
2004 1258 2329 1342 oppidum
2357 1279 2682 1331 memora-

476 1365 616 1423 tum
657 1360 1009 1443 perveniri·
1036 1358 1322 1431 victoria
1348 1359 1592 1439 elicere,
1633 1360 1901 1443 longius
1939 1361 2205 1425 delatus
2237 1378 2499 1443 ,poenas
2538 1359 2681 1425 luit.

478 1464 557 1527 5.»
587 1461 881 1526 Proinde
927 1458 1257 1526 arduumh
1302 1461 1537 1527 satalia
1571 1462 1954 1543 devertere3
1999 1482 2216 1546 eoque
2246 1462 2454 1526 futuri
2499 1463 2682 1529 notio

478 1564 831 1647 superflua.
884 1564 999 1627 ⁷.6.‘
1029 1562 1125 1628 At
1153 1562 1635 1641 Numerianus,
1665 1565 1919 1631 amisso
1949 1570 2161 1648 patre,
2194 1564 2391 1628 simul
2422 1567 2680 1629 confec-

477 1676 616 1730 tum
649 1666 992 1729 aestimans
1012 1666 1288 1740 bellum,
1316 1686 1466 1731 cum
1488 1668 1860 1735 exercitum
1889 1665 2485 1750 reductaret,Apri
2512 1687 2681 1751 prae-

476 1768 632 1832 fecti
660 1768 976 1851 praetorio
1033 1765 1285 1833 socerii
1318 1769 1586 1834 insidiis
1615 1767 2042 1852 extinguitur.
2129 1771 2194 1835 7.
2239 1769 2417 1849 Quis
2447 1763 2682 1839 casum

1398 1934 1579 1956 “00“
1584 1934 1764 1957 eecce&

481 2048 627 2110 potis,
648 2045 792 2111 (vide
816 2048 1031 2110 Vopisc.
1056 2049 1108 2097 in
1131 2049 1269 2098 Caro
1286 2049 1425 2111 Imp.
1442 2063 1562 2111 cap.
1576 2047 1650 2111 7.)
1683 2057 1772 2098 aut
1800 2049 1963 2099 dictis.
1999 2048 2152 2098 Conf-
2185 2047 2433 2105 Gruner.'
2467 2049 2682 2097 Harl.—

475 2118 508 2159 2
525 2119 538 2139 ⁸
557 2112 695 2173 Lege
714 2118 976 2175 opportuna
998 2114 1273 2163 invaserant
1298 2113 1581 2163 accusandi
1600 2129 1741 2172 casu,
1767 2114 1818 2162 id
1843 2123 1943 2173 est,
1962 2115 2060 2163 sibi
2087 2123 2142 2163 et
2164 2113 2353 2162 finibus
2378 2113 2483 2161 suis
2511 2114 2684 2174 proxi-

479 2192 580 2223 ma.
635 2177 1014 2240 Mesopotaniam
1038 2189 1296 2240 perpetuo
1315 2180 1499 2228 scribit
1525 2193 1622 2240 per
1645 2194 1677 2227 n
1703 2185 1854 2228 vetus
1881 2178 2071 2228 codex.
2110 2180 2236 2228 Mox
2268 2180 2547 2227 inconsulte
2588 2193 2681 2240 per

476 2241 856 2304 diphthongum
885 2242 1060 2291 idem!
1094 2244 1282 2293 Schott.
1347 2244 1475 2307 Tum
1506 2244 1801 2293 Numeriano
1824 2244 2096 2306 legebatur
2114 2253 2237 2293 ante
2260 2244 2546 2291 schott.'et
2571 2244 2688 2306 Syl-

475 2308 626 2368 burg.
653 2308 740 2370 qui
764 2316 855 2356 aut
880 2309 1167 2357 Numeriani
1190 2316 1281 2357 aut
1297 2309 1552 2358 comitatus
1573 2307 1852 2371 legendum
1878 2316 2085 2372 putant.
2121 2308 2416 2357 Numeriano
2430 2309 2683 2355 comitante

475 2373 612 2435 conj.
638 2372 816 2420 Arntz.
884 2374 1015 2421 Mox
1044 2373 1205 2436 pergit
1227 2380 1454 2435 protenus
1474 2373 1805 2422 scribendum
1826 2382 1977 2435 putat
2006 2372 2213 2421 Scbott.
2245 2372 2467 2434 improb.
2495 2370 2682 2420 Arntz.

394 2445 402 2451 ·
478 2443 574 2486 -5
615 2438 762 2487 Notio
782 2436 965 2501 perfluo
985 2453 1081 2502 pro
1100 2439 1340 2502 superfluo
1364 2439 1465 2488 Ms.
1491 2453 1577 2502 ap.
1601 2438 1904 2492 Schott.—-6
1939 2443 1954 2467 ‘
1975 2438 2101 2501 Apri
2121 2437 2355 2501 prefecti.
2389 2438 2681 2499 Corruptus

478 2511 532 2551 et
565 2503 648 2552 bic
675 2510 820 2551 vetus
843 2504 1031 2559 codex,
1064 2501 1109 2552 A
1130 2503 1365 2566 passeoli,
1388 2504 1574 2553 omissa
1597 2504 1765 2553 altera
1788 2504 2006 2566 syllaba,
2024 2504 2159 2567 quod
2192 2517 2414 2564 sequens
2437 2501 2597 2550 dictio
2616 2502 2680 2550 ab

476 2568 657 2617 iisdem
677 2568 1256 2617 elementisincbouret.
1320 2569 1515 2619 Dictus
1540 2577 1715 2618 autem
1750 2567 1964 2619 ‘Arrius
1990 2567 2136 2633 Aper
2154 2567 2169 2590 '
2202 2568 2436 2631 Vopisco
2478 2567 2673 2617 Nume-

1466 2697 1690 2748 NOTAE

474 2794 490 2821 ‘
513 2793 712 2844 Liberis
735 2793 1030 2844 Caesaribus
1053 2792 1402 2858 nuncupatis!
1434 2794 1540 2843 Vo-

477 2886 605 2934 pise.

538 2947 560 2980 ἅ
600 2947 753 2996 Misso
772 2948 834 2995 ad
868 2946 1205 2995 munimentum
1234 2946 1416 2995 Gallioe
1437 2960 1539 2995 mo-

462 3025 574 3086 jore
581 3025 718 3090 filio]
756 3025 964 3075 carino.
988 3025 1252 3088 Vopiscus
1275 3042 1288 3071 ι
1323 3027 1339 3053 ‘
1368 3024 1438 3073 Et
1463 3024 1540 3074 ita

474 3103 702 3167 quidem,
723 3109 779 3151 ut
799 3101 1043 3150 Carinum
1069 3101 1135 3150 ad
1158 3102 1358 3152 Gallias
1387 3110 1538 3151 tuen·

477 3180 571 3228 das
602 3194 718 3228 cum
744 3179 865 3228 viris
891 3178 1190 3228 lectissimis
1219 3179 1540 3240 destinaret3

475 3268 649 3303 secum
674 3268 800 3303 vero
824 3254 1200 3303 Numerianum
1233 3252 1540 3303 adolescen-

476 3340 602 3389 tem,
643 3345 759 3379 cum
813 3330 1175 3390 lectissimum,
1228 3335 1339 3380 tum
1382 3329 1541 3379 etiam

476 3405 892 3462 disertissimum,
915 3404 1171 3455 duceret!

540 3487 563 3513 θ’
593 3471 729 3530 Diam
777 3483 951 3542 glorioe
1001 3482 1264 3530 inconsulte
1325 3480 1539 3545 avidior]

474 3557 766 3621 Vopiscusz
802 3564 816 3586 ‘
837 3556 1028 3605 Verum
1062 3570 1199 3618 cum,
1225 3554 1540 3619 avidus-glo·

475 3633 587 3693 riae,
605 3631 887 3697 (praefecto
911 3648 1004 3682 suo
1028 3633 1249 3680 maxime
1266 3632 1541 3696 jurgante‚

477 3708 639 3774 quiet
660 3710 819 3772 ipsius
841 3717 896 3758 et
922 3708 1012 3757 filii
1029 3708 1140 3772 ejus
1161 3708 1437 3772 quaerebat
1448 3724 1539 3758 ex·

471 3784 652 3848 itinm)
674 3783 890 3848 cupiens
913 3785 1172 3846 imperare
1198 3782 1400 3847 longius
1424 3799 1540 3847 pro·

475 3875 689 3924 gressus
713 3869 810 3916 est,
838 3868 895 3908 ut
934 3861 1021 3908 a'lii
1055 3860 1233 3910 dicunt
1262 3861 1459 3919 morbo,
1481 3867 1541 3910 ut

479 3941 653 4002 plures
682 3935 901 3985 fulmine
926 3937 1234 3985 interemtus
1258 3935 1378 3985 est!
1480 3985 1489 4010 ;

542 4015 563 4047 f
593 4014 835 4077 Parthiae]
883 4014 946 4062 Id
981 4021 1083 4076 est,
1117 4012 1386 4063 Persidis:
1424 4013 1539 4077 jam

473 4092 682 4153 saepius.
1529 4088 1534 4099 '

541 4175 567 4210 ⁸
606 4168 737 4216 Nom
757 4181 861 4215 cum
882 4165 1073 4214 oracula
1105 4162 1396 4226 docuissent]
1432 4165 1538 4214 Vo-

476 4244 666 4307 piscus,
699 4251 973 4307 postquam
1009 4242 1313 4307 calphurnii
1343 4244 1539 4309 episto·

1623 2795 1723 2842 lam
1761 2794 2021 2852 recitavit,
2056 2808 2174 2859 quae
2210 2793 2519 2858 aegritudine
2548 2807 2681 2842 mor-

1563 2864 1572 2873 ’
1623 2880 1768 2921 tumn
1812 2872 2003 2922 Carum
2046 2872 2264 2922 scribitt
2310 2874 2326 2899 ‘
2356 2870 2508 2919 Hanc
2551 2869 2681 2932 ego,’

1619 2946 1811 3011 iuquit,
1865 2949 1882 2977 ‘
1917 2949 2188 3013 epistolam
2250 2947 2446 2997 idcirco
2501 2945 2683 3008 indidi,

1621 3024 1756 3086 quod
1781 3024 2015 3087 plerique
2038 3024 2223 3073 dicunt
2257 3024 2358 3071 vim
2393 3022 2491 3072 fati
2529 3040 2685 3086 quan-

1621 3097 1740 3147 dam
1766 3114 1901 3155 esse,
1926 3108 1981 3148 nt
2006 3100 2271 3149 Romanus
2295 3100 2539 3162 princeps
2563 3101 2684 3150 Cte-

1619 3175 1909 3238 siphontem
1940 3178 2163 3226 transire
2186 3192 2285 3226 non
2310 3178 2506 3241 possit:
2544 3178 2682 3228 ideo·

1619 3267 1721 3319 que
1745 3254 1935 3303 Carum
1959 3252 2176 3302 fulmine
2207 3252 2518 3309 absumtum,
2544 3254 2682 3319 quod

1620 3343 1711 3377 eos
1728 3328 1857 3378 fines
1880 3328 2175 3392 transgredi
2198 3336 2419 3392 cuperet
2443 3329 2533 3392 qui
2555 3328 2683 3377 fata-

1563 3463 1564 3466 *
1620 3405 1744 3454 liter
1764 3405 2037 3455 constituti
2060 3402 2218 3453 sunt.’
2283 3403 2463 3470 Atqui,
2497 3412 2558 3454 nt
2592 3420 2682 3468 op-

1625 3481 1750 3530 time
1773 3482 1961 3531 ibidem
2001 3482 2221 3531 Casaub.
2254 3488 2462 3530 constat
2497 3483 2684 3532 Roma·

1621 3571 1715 3606 nos
1755 3557 1893 3606 ultra
1925 3557 2325 3620 Ctesiphontem
2366 3564 2422 3606 et
2461 3558 2684 3622 Tigrim.

1621 3635 1911 3697 provincias
1961 3634 2206 3684 babuisse
2256 3634 2681 3697 OE'ranstigrwas,

1622 3726 1751 3775 quas
1774 3726 1803 3758 a
1827 3711 2044 3761 Galerio
2069 3719 2265 3776 partas,
2287 3712 2520 3762 restituit
2558 3714 2682 3762 Per-

1622 3789 1695 3835 sis
1717 3787 1987 3838 Jovianus.

1683 3860 1710 3896 ¹¹
1742 3863 1988 3927 Arduum]
2028 3859 2276 3911 Difficile.

1655 3991 1661 4004 ‚
1690 3937 1840 4001 ¹Apri
1853 3938 2069 4001 proeseeti
2080 3938 2305 4000 pretorio
2319 3937 2495 4001 soceri]
2518 3940 2535 3968 ‘
2557 3940 2681 3990 Fac·

1623 4015 1765 4064 tione
1789 4014 1932 4063 Arrii
1956 4011 2085 4076 Apri
2120 4015 2287 4062 soceri
2310 4015 2407 4073 sui,
2431 4016 2517 4079 qui
2546 4017 2682 4064 invn-

1620 4090 1748 4140 dere
1804 4090 2093 4139 conabatur
2142 4090 2435 4155 imperium,
2487 4093 2684 4143 occisus

1623 4168 1737 4219 est.'
1771 4167 1982 4232 Vopisc-
