3023 4942
928 437 935 441 ·
1042 421 1400 472 nrt-rous.
1475 423 1643 471 cn.
1689 423 1836 474 xu.
1921 439 1926 446 ·
2396 410 2530 477 385

328 562 517 632 ludik
547 565 869 633 celebrati
896 572 1071 631 sunt.
1115 567 1223 633 15.
1256 567 1623 635 Hactenus
1645 566 1918 646 Romae,
1950 567 2075 635 seu
2108 588 2227 653 per
2256 567 2531 636 Italiam

331 669 463 734 orti
490 668 845 754 imperium
874 688 1150 735 rexere:
1196 670 1351 736 hine
1379 671 1677 737 advenae.
1723 670 1932 738 Unde.
1954 678 2370 756 compertum
2399 676 2529 744 est,

328 773 566 836 urbem
606 771 900 838 Romam
939 780 1368 838 externorum
1407 774 1651 839 virtute
1697 775 1996 840 crevisse
2019 772 2074 842 :¹
2138 775 2303 859 quid
2351 776 2530 841 enim

328 871 566 938 Nerva
596 874 983 958 prudentius
1011 881 1126 940 aut
1152 877 1616 942 moderatius?
1662 877 1825 961 quid
1854 878 2154 964 Trojano
2184 877 2475 944 divinius
2494 878 2527 942 ’ἱ

327 975 494 1058 quid
523 976 951 1060 praestantius
984 977 1387 1062 Hadriano?

1457 1124 1612 1146 m

219 1205 225 1210 ’
325 1204 522 1252 consilio
548 1203 795 1256 Aut—1⁵
830 1203 957 1256 Ald.
980 1206 1031 1254 in
1055 1219 1105 1256 c.
1126 1220 1233 1257 ιιι.
1266 1207 1425 1257 habet
1448 1206 1612 1257 verba
1635 1206 1700 1257 ab
1721 1171 1973 1259 flectente
1989 1220 2155 1274 usque
2177 1207 2452 1266 Hadriano,
2469 1212 2528 1258 et

240 1339 278 1357 ν
327 1268 549 1319 Adriano
572 1268 788 1335 prefert
806 1284 923 1321 cum
944 1272 1148 1323 Schott.
1169 1272 1364 1324 Gaesb.
1386 1273 1582 1338 Delph.
1602 1273 1790 1323 Pitisc.

386 1470 412 1506 Β
433 1471 598 1534 Ηιύιιε
619 1476 1080 1537 temperamentum
1100 1474 1226 1539 ludi]
1251 1475 1377 1527 Sue·
1462 1478 1539 1528 N.
1564 1479 1649 1526 88.
1677 1473 1871 1526 desunt
1889 1473 2050 1539 igitur
2069 1473 2189 1524 anni
2210 1480 2435 1548 septem,
2467 1481 2527 1527 ut

323 1555 434 1600 ton.
457 1565 572 1612 cap.
594 1553 642 1600 4.
677 1552 693 1579 ‘
719 1552 864 1601 Fecit
895 1560 954 1602 et
984 1552 1132 1604 ludos
1165 1553 1380 1601 saecula-
1450 1551 1625 1617 justus
1661 1565 1929 1616 annorum,
1953 1551 2041 1616 qui
2068 1551 2216 1600 ludos
2250 1551 2525 1602 saeculares

319 1640 426 1690 res,
447 1632 749 1689 computata
769 1627 970 1678 ratione
1001 1634 1290 1691 temporum
1315 1627 1379 1678 ab
1461 1629 1903 1691 intercurrebant,
1924 1641 2168 1677 numerus
2191 1628 2485 1692 impleatur.

320 1715 479 1764 anno,
499 1716 601 1753 non
617 1717 721 1768 quo
737 1702 984 1754 Claudius
1006 1702 1264 1767 proxime,
1286 1703 1378 1754 sed
1527 1704 1545 1739 ¹
1574 1706 1902 1756 Exiet-norum
1919 1706 2100 1755 virtute
2117 1706 2345 1769 crevisse]
2375 1707 2392 1733 ⁶
2409 1707 2527 1757 1.ae-

319 1792 423 1844 quo
453 1768 574 1828 olim
609 1778 868 1841 Augustus
902 1779 1142 1830 ediderat
1155 1777 1190 1829 :’
1221 1794 1380 1844 quan·
1462 1781 1567 1832 tior
1589 1781 1723 1846 reip.
1744 1789 1913 1832 status
1936 1782 2111 1831 evenit
2133 1780 2447 1831 abstinentia
2468 1789 2527 1832 et

319 1868 473 1919 qnam
509 1868 607 1904 nec
642 1855 797 1919 plane
830 1870 945 1907 eam
984 1855 1236 1908 rationem
1275 1870 1379 1905 ser·
1460 1857 1818 1907 moderatione
1884 1857 2289 1922 insequentium*
2335 1857 2525 1921 princi-

319 1931 539 1982 vaverit.
608 1931 873 1995 Augustus
903 1933 1040 1982 enim
1073 1933 1279 1997 quintos
1300 1932 1380 1982 lu·
1461 1932 1622 1996 pnm.’
1679 1934 1897 1985 Sueten.
1951 1932 2245 1985 Domitian.
2299 1939 2524 1984 extrem.

307 2006 416 2056 dos
457 2009 734 2058 saeculares
770 2008 899 2059 fecit
926 2024 1009 2060 an.
1045 2016 1169 2059 aute
1208 2009 1265 2060 C.
1306 2011 1378 2059 N.
1460 2010 1649 2060 Schott.
2193 2007 2196 2008 ⁷

320 2087 402 2134 15.
428 2084 520 2134 hos
557 2098 677 2135 vero
698 2085 1030 2137 Domitianus
1052 2100 1134 2135 an.
1164 2093 1282 2149 post
1315 2087 1376 2137 C.
1404 2099 1408 2104 ·

1182 2405 1395 2474 cAP.
1453 2406 1639 2474 XII.

1072 2541 1436 2593 oooosms
1484 2542 1772 2591 NERVA.

402 2662 467 2726 1.
509 2659 893 2753 (locemus
926 2662 1234 2753 NERvA,
1281 2661 1539 2746 oppido
1586 2660 1954 2727 Narniensi
1997 2658 2281 2744 genitus,
2308 2658 2524 2741 impe-

313 2765 489 2829 ravit
516 2783 779 2829 menses
808 2765 1154 2843 sedecim:
1186 2765 1335 2829 dies
1367 2763 1621 2828 decem.
1708 2765 1775 2829 2.
1803 2763 1953 2831 Iste
1985 2782 2139 2827 cum
2166 2761 2520 2845 imperium

315 2868 754 2951 suscepisset,
785 2887 946 2932 mox
977 2887 1240 2932 rumore
1271 2873 1413 2933 orto
1443 2867 1671 2932 vivere
1711 2874 1913 2951 atque
1942 2864 2150 2930 affore
2180 2863 2519 2930 Domitia·

310 2989 494 3046 num,
522 2970 793 3054 perinde
846 2970 1222 3054 trepidavit,
1252 2974 1328 3035 ut
1372 2969 1596 3035 colore
1638 2975 1923 3047 mutate,
1956 2968 2178 3034 verbis
2226 2966 2523 3044 amissiS‚

309 3073 433 3137 vix
484 3074 901 3141 consisteret.
991 3071 1128 3138 Sed
1179 3092 1222 3136 a
1267 3072 1633 3137 Parthenio
1653 3069 1680 3109 ¹³
1731 3070 2193 3146 confirmatus,
2241 3072 2522 3149 recepta

310 3174 559 3239 fiducia
608 3175 697 3238 ad
742 3175 1014 3240 solenne
1060 3174 1585 3263 delenimentum
1632 3191 2000 3239 conversus
2047 3174 2175 3236 est.
2231 3168 2325 3267 Β.
2371 3167 2519 3247 Qui

312 3296 468 3341 cnm
516 3275 584 3340 in
636 3276 889 3342 curiam
938 3297 982 3342 a
1026 3284 1264 3341 senatu
1308 3280 1640 3359 gratanter
1691 3279 2029 3357 exceptus
2077 3280 2285 3346 esset,
2327 3268 2516 3334 solus

312 3396 402 3451 ex
424 3377 736 3442 omnibus
765 3375 1000 3443 Arrius
1019 3376 1466 3456 Antoninus,⁶
1496 3377 1600 3441 vit
1629 3395 1790 3443 acer
1818 3375 2013 3459 eique
2028 3371 2516 3448 amicissimus,

1238 3524 1605 3546 Ommw

350 3608 491 3660 CAP-
506 3623 610 3661 ιιι.
633 3614 657 3659 1
677 3609 870 3660 Menses
885 3607 1110 3659 tredecim
1122 3607 1245 3658 edd.
1262 3614 1385 3659 ante
1399 3610 1602 3659 Schott.
1616 3621 1799 3658 mus
1813 3605 1977 3656 XIII.
1994 3602 2116 3653 Ald·
2129 3616 2312 3652 moues
2326 3600 2516 3654 XVII.

310 3674 463 3726 Leid.
478 3678 628 3725 2.—2
641 3677 658 3703 ⁴
674 3673 839 3725 Verbis
858 3673 1065 3723 «ηιξκιε.
1101 3672 1124 3721 1
1132 3680 1188 3725 ta
1203 3674 1412 3738 reposui
1435 3688 1501 3723 ex
1517 3675 1651 3723 Μεε.
1686 3673 1874 3731 amicis,
1898 3670 2033 3736 quod
2055 3674 2137 3745 est
2158 3668 2210 3716 in
2224 3667 2405 3745 yineti
2428 3665 2518 3716 ed.

309 3752 496 3788 vereor
515 3754 581 3789 ne
604 3753 877 3804 operarum
901 3739 1148 3787 somnium
1184 3739 1272 3786 sit.
1335 3738 1574 3801 Adjuvat
1609 3744 1665 3786 et
1688 3736 2023 3792 Veronensis,
2045 3747 2135 3798 qm
2171 3739 2328 3781 etiam
2352 3746 2515 3809 supra

311 3803 571 3866 trepidavit
592 3810 747 3854 mente
765 3802 949 3853 addit.'
981 3803 1269 3853 Sobata—3
1304 3803 1364 3851 Ῑη
1411 3803 1549 3853 curia
1586 3800 1765 3853 Guelf.
1805 3801 1926 3851 Ald.
1950 3808 2005 3849 et
2041 3797 2241 3862 Gryph.
2308 3802 2324 3825 ‘
2340 3800 2517 3845 Amne
2573 3864 2580 3871 .

309 3866 598 3918 Antoninus.
628 3869 692 3918 In
716 3869 940 3933 vulgatis
975 3867 1285 3932 quibusdam
1306 3867 1462 3917 Arius
1482 3868 1727 3918 Antonius
1756 3866 2067 3931 appellatur.
2133 3859 2283 3912 Infra
2300 3876 2394 3910 non
2414 3875 2516 3910 mo·

1186 3998 1191 4002 ·
1297 3980 1515 4032 NOTAE

373 4086 400 4116 ⁸
413 4079 606 4130 Menses
621 4079 822 4129 sedecim
837 4078 1111 4142 [tredecim]
1129 4079 1300 4142 Supra
1313 4079 1369 4128 in
1510 4075 1537 4111 ὓ
1572 4074 1860 4138 Parthenio]
1890 4072 2176 4124 Domitiani
2211 4071 2510 4122 cubiculum

308 4156 600 4209 Cesaribus
622 4157 829 4221 Victor,
863 4159 880 4186 ‘
903 4157 1088 4206 Mense
1125 4164 1274 4206 sexto
1305 4168 1369 4204 ac
1448 4162 1789 4219 procurante,
1808 4166 1930 4215 cap.
1951 4150 2222 4214 superiori.

306 4232 511 4283 decimo
547 4239 711 4282 semet
744 4247 809 4282 eo
848 4232 1148 4284 abdicavit!
1216 4231 1366 4283 Idem
1513 4238 1537 4266 ⁶
1556 4231 1738 4283 Arrius
1755 4227 2054 4290 Antoninus]
2079 4225 2225 4276 Avus
2246 4229 2511 4275 maternus

308 4311 530 4372 Eutrop.
553 4310 653 4361 nisi
676 4310 812 4374 quod
833 4310 982 4361 addit
1003 4309 1118 4362 dies
1142 4317 1282 4362 octo.
1451 4307 1701 4359 Antonini
1717 4307 1824 4357 Pii.
1893 4298 2013 4355 Hoc
2033 4301 2203 4367 tangit
2226 4299 2510 4362 capitolin.

436 4390 616 4456 napa.
637 4395 685 4441 et
714 4391 828 4443 var.
851 4392 981 4442 clas.
1274 4389 1400 4440 Aur.
1415 4371 1558 4439 ’νει-ι.
2267 4383 2299 4427 2
2334 4379 2377 4426 B
