3023 4942
855 403 1084 451 omno
1131 402 1411 452 GEN'HS
1460 403 1823 453 ROMANAE.
1905 404 2071 453 cAP.
2104 405 2152 454 1.

2393 406 2402 423 ·
2497 388 2587 454 39

375 547 559 617 omni
605 545 985 631 priscorum
1032 545 1362 631 historia,¹
1415 548 1701 634 proinde
1751 554 1830 615 ut
1880 547 2173 631 quisque
2221 548 2587 615 neoterico-

373 657 580 715 rumm
613 649 1059 726 asseveravit,
1088 650 1219 717 hoc
1249 657 1372 730 est,
1403 658 1473 717 et
1503 652 1763 725 Livius,
1798 657 1865 715 et
1895 650 2135 715 Victor
2166 647 2383 715 Afer.¹²

1370 834 1585 886 NOTAE

371 936 486 978 tum
512 935 617 994 est,
652 930 704 979 in
742 930 809 979 iis
842 932 1013 980 Julius
1047 931 1436 981 rescribendum

371 1021 484 1056 esse
509 1021 591 1055 me
611 1006 783 1056 doctis
803 1008 1135 1069 probaturam
1155 1015 1304 1071 puto,
1321 1021 1439 1056 cum

1583 940 1619 964 ¹¹²
1654 931 2041 993 Neotericorum]
2075 930 2139 979 Id
2178 939 2261 978 est
2282 931 2299 958 ‘
2330 930 2591 983 recentio-

1522 1004 1689 1055 rum?
1731 1020 1832 1055 vox
1874 1006 2068 1055 Groeca
2114 1005 2450 1066 Neotericus,
2492 1005 2588 1055 sed

373 1089 481 1132 tam
508 1082 757 1144 proclivis
784 1085 863 1133 ,sit
898 1085 1171 1148 corruptio
1192 1084 1216 1133 i
1244 1084 1298 1132 in
1320 1085 1354 1143 1,
1383 1090 1440 1134 et
1519 1082 1653 1131 banc
1676 1081 1725 1130 iu
1751 1082 2017 1130 veteribus
2039 1079 2239 1131 frustra
2259 1096 2485 1144 qnoeras.

371 1160 489 1215 vice
513 1174 666 1209 versa
687 1161 707 1208 l
729 1161 785 1213 in
805 1161 844 1209 i.

435 1235 463 1270 ¹¹
497 1237 764 1301 Tuberone]
804 1238 910 1289 Hic
934 1245 1019 1291 est
1049 1238 1116 1289 Q.
1147 1237 1310 1287 AElius
1339 1238 1440 1285 Tu·

368 1311 495 1363 bero
517 1314 604 1377 qui
636 1313 902 1363 historiam
932 1315 1258 1376 conscripsit,
1283 1328 1437 1377 quam

368 1389 456 1437 hic
484 1390 675 1453 signat,
700 1390 787 1452 qui
820 1390 934 1439 lune
968 1391 1197 1452 scripsit.
1266 1391 1345 1439 Ex
1375 1404 1439 1439 ea

369 1463 615 1527 quaedam
638 1466 797 1515 etiam
822 1466 1020 1520 Livius,
1044 1466 1172 1514 libb.
1199 1479 1280 1514 iv.
1304 1473 1359 1514 et
1380 1479 1437 1514 x.

370 1542 652 1598 Charisius,
677 1542 900 1603 Gellius,
923 1542 1145 1596 Nonius.
1168 1545 1266 1591 ὅτε.

439 1617 453 1650 ¹
480 1618 641 1682 Atque
673 1633 736 1667 ea:
767 1620 895 1667 omni
921 1618 1188 1683 priscorum
1209 1617 1438 1681 historia]

365 1693 529 1743 Velut
543 1709 611 1743 ex
626 1695 816 1751 Ennio,
839 1691 1027 1743 Cassio'
1032 1694 1354 1756 Alexandro,
1371 1696 1437 1743 E-

364 1771 566 1834 phesio,
590 1772 824 1834 Lutatio,
853 1772 1122 1834 Vulcatio,
1157 1772 1325 1821 Acilio
1348 1772 1439 1820 Pi-

366 1850 515 1910 sone,
552 1850 884 1912 Sempronio,
919 1849 1169 1908 Domitio,
1208 1850 1436 1900 Octavio

365 1923 586 1987 Catone,
617 1924 683 1973 A.
706 1923 995 1980 Postumio,
1032 1922 1262 1979 Aufidio,
1297 1923 1436 1972 Ven-

363 2000 543 2061 nonio,
571 1961 774 2061 honio,
808 2000 1004 2057 Gellio,
1041 2002 1127 2065 qui
1164 2016 1344 2051 omnes
1382 2002 1437 2050 in

360 2075 462 2127 ltoc
483 2090 645 2143 opere
667 2076 973 2126 laudantur.

1581 1167 1628 1205 υ,
1650 1159 1812 1209 Victor
1835 1159 1981 1223 Afer]
2017 1159 2274 1211 Quaerunt
2309 1160 2408 1213 viri
2441 1158 2587 1209 docti

1523 1249 1587 1283 an
1611 1234 1713 1286 ista
1735 1235 2008 1299 scripserit
2031 1232 2215 1287 Victor
2233 1235 2320 1284 ille
2335 1233 2484 1297 Afer,
2500 1236 2589 1299 qui

1522 1318 1801 1375 sequentes
1823 1308 1953 1360 duos
1976 1312 2181 1361 libellos
2214 1314 2229 1339 ⁸
2257 1311 2323 1359 de
2349 1312 2491 1361 Viris
2518 1312 2589 1361 11-

1519 1385 1810 1449 lustribus,’
1833 1396 1889 1437 et
1912 1386 1930 1414 ‘
1951 1386 2019 1437 de
2043 1387 2342 1437 Caesaribus
2369 1387 2383 1408 ’
2405 1402 2589 1438 exara-

1519 1464 1614 1517 vit,
1658 1463 1839 1528 quise
1883 1465 2050 1526 ipsum
2095 1464 2362 1512 Victorem
2399 1463 2588 1514 Afrum

1521 1550 1693 1597 vocet,
1730 1554 1874 1589 more
1910 1540 2252 1601 Graecorum;
2287 1541 2378 1589 sed
2423 1542 2591 1590 multa

1521 1628 1842 1682 repugnant:
1899 1633 2060 1683 quare
2115 1633 2230 1667 cum
2285 1618 2589 1668 doctissimo

1522 1697 1676 1745 Voss.
1719 1694 2054 1758 cogitandum
2098 1701 2178 1743 est
2224 1703 2588 1756 argumentum

1522 1774 1679 1830 istud,
1701 1780 1757 1822 et
1781 1773 2008 1822 libellum
2042 1771 2109 1822 de
2145 1771 2365 1836 Origine
2395 1773 2589 1825 Gentis

1524 1851 1679 1900 Rom.
1704 1850 1771 1899 ab
1793 1851 1968 1913 aliquo
1992 1855 2296 1912 congestum
2318 1848 2477 1899 fuisse
2502 1851 2589 1914 qui

1520 1934 1646 1989 post
1664 1926 1934 1976 Aurelium
1969 1925 2239 1974 Victorem
2268 1924 2451 1987 fuerit,
2475 1928 2589 1975 sive

1515 2003 1563 2051 is
1610 2003 1677 2053 sit
1726 2000 1918 2052 Ancon.
1961 2001 2239 2058 Pedianus,
2287 2002 2397 2052 sive
2455 2003 2587 2052 alius

1518 2079 1653 2143 quis.

1164 2239 1780 2283 =================

1254 2430 1257 2431 ⁷
1302 2401 1517 2471 CAP.
1581 2402 1643 2467 Ι.

338 2530 799 2582 VAnGumnmum.
835 2531 1111 2588 Saturnum
1138 2529 1361 2592 primum
1381 2529 1530 2578 credi
1553 2529 1607 2578 in
1630 2528 1839 2579 ltaliam
1860 2529 2096 2579 venisse:
2130 2520 2428 2596 quantaque
2452 2533 2585 2581 anti·

427 2627 644 2678 quorum
666 2612 928 2661 hominnm
950 2611 1255 2674 simplicitas
1278 2609 1467 2661 fuerit:
1496 2618 1699 2660 certum
1724 2618 1897 2660 tamen
1921 2625 2053 2673 esse,
2076 2611 2271 2662 Janum
2297 2612 2583 2661 in·1taliam

372 2705 377 2710 ·
430 2693 658 2755 priorem
702 2694 997 2742 advenisse.
1059 2690 1270 2755 Virgilii
1312 2692 1454 2741 locus
1494 2691 1805 2741 illustratus.

431 2772 717 2836 aliquoties
735 2787 833 2840 pro
858 2773 875 2800 ⁸
901 2769 1170 2835 principe!

1873 2697 1889 2719 ‘
1915 2691 2123 2741 Primus
2149 2696 2165 2718 '
2197 2695 2334 2757 apud
2374 2693 2584 2757 poetam

447 2903 513 2966 1.
558 2901 865 2967 anus
897 2903 969 2967 in
1001 2902 1271 2967 Italiam
1297 2902 1879 2970 creditur'venisse
1907 2902 2257 2981 Saturnus,
2279 2914 2352 2967 ut
2375 2905 2580 2970 etiam

356 3003 675 3076 Maronis
706 3006 917 3076 Musa
947 3013 1238 3072 testatur
1265 3005 1404 3068 illis
1435 3007 1779 3069 versibus:

538 3107 807 3173 Primus
837 3109 925 3173 ab
957 3108 1275 3173 aetherio⁸
1305 3108 1487 3172 venit
1516 3107 1853 3176 Saturnus
1887 3109 2215 3194 Olympo,

536 3209 746 3274 Arma
775 3208 823 3274 J
828 3210 980 3274 ovis
999 3207 1027 3246 '³
1053 3209 1334 3291 fugienS,
1368 3215 1436 3275 et
1461 3210 1684 3292 regnis
1713 3214 1875 3276 exul
1899 3210 2214 3287 ademtis»,
2241 3213 2367 3276 διο.

357 3301 426 3380 2.
467 3310 698 3380 Tanta
754 3318 979 3380 autem
1032 3331 1250 3395 usque
1306 3312 1375 3375 id
1428 3327 1697 3396 tempus
1751 3316 2181 3399 antiquorum
2238 3312 2577 3384 hominum

359 3413 649 3478 traditur
694 3413 907 3480 fuisse
962 3414 1391 3497 simplicitas,
1444 3422 1520 3480 ut
1567 3416 1905 3482 venientes
1963 3415 2053 3482 ad
2117 3435 2194 3482 se
2251 3416 2572 3493 advenas,

360 3515 479 3600 qui
525 3514 727 3579 modo
786 3516 1072 3580 consilio
1121 3535 1204 3580 ae
1253 3516 1592 3600 sapientia
1638 3517 1933 3599 praediti,
1976 3517 2062 3580 ad
2116 3518 2576 3583 instruendam

364 3617 598 3696 vitam,
638 3616 1166 3702 formandosque
1213 3639 1432 3688 mores
1480 3619 1740 3708 aliquid
1786 3620 2184 3710 conferrent,
2235 3621 2413 3703 quod
2463 3641 2573 3685 eo-

357 3737 506 3781 rnm
557 3725 876 3802 parentes
927 3727 1132 3803 atque
1178 3720 1501 3802 originem
1523 3783 1526 3788 ,
1550 3721 1971 3802 ignorabant,
2023 3723 2202 3787 coelo
2248 3732 2319 3787 et
2363 3731 2577 3787 terrac

361 3818 585 3928 editos
642 3840 778 3885 non
835 3821 1052 3885 solum
1110 3822 1250 3910 ipsi
1308 3822 1678 3903 crederent,
1735 3842 1964 3886 verum
2020 3827 2218 3887 etiam
2283 3826 2574 3906 posteris

1354 3972 1580 4023 NOTAE

424 4052 680 4102 ‘Primus
700 4051 761 4101 ab
789 4017 1009 4115 ‹ethei-io]
1044 4053 1425 4104 AEneid.v1n.

360 4130 477 4177 ste.

1568 4062 1592 4090 ⁶
1630 4054 1758 4104 0010
1777 4060 1827 4104 et
1848 4054 2004 4118 tm]
2041 4054 2187 4106 Quos
2207 4061 2412 4106 tantum
2433 4058 2571 4108 Deos

1499 4138 1632 4180 tune
1651 4140 1899 4180 noverant
1920 4131 2171 4179 homines.
2204 4130 2453 4179 Ceterum
2470 4146 2572 4184 non

406 4203 447 4236 Ι·
479 4202 635 4253 Arma
658 4202 824 4267 Jovia]
855 4204 960 4257 Qui
991 4219 1109 4255 enm
1140 4218 1304 4270 regno
1338 4205 1421 4258 fu·
1503 4215 1708 4256 tantum
1744 4207 1882 4271 apud
1920 4207 2161 4270 antiquos
2193 4207 2306 4255 illos
2339 4207 2571 4259 homines

361 4286 600 4342 gaverat·

1503 4281 1661 4333 rudes
1693 4289 1754 4333 et
1791 4291 2022 4348 agrestes
2057 4282 2280 4335 invaluit
2316 4298 2424 4335 mos
2448 4285 2570 4351 iste,
