3023 4942
1027 435 1387 483 ΕΡιτοΜκ.
1466 434 1635 512 esp.
1683 434 1862 484 xm.
1957 471 1961 478 .
2426 419 2557 487 389

355 578 536 660 gusti
576 579 915 662 sepultum
962 585 1090 645 est.
1176 579 1284 645 13.
1332 579 1577 664 Eo'que
1609 579 1743 657 die,
1772 599 1907 663 quo
1956 577 2223 657 interiit,
2252 579 2415 644 solis
2446 579 2559 645 de-

349 682 557 747 fectio
581 690 602 719 ⁸
628 681 815 746 facta
841 689 967 747 est.

1273 781 1643 803 ‘tomaene‘

352 879 684 930 absorbuisse
705 881 1127 945 prepositionem
1153 882 1224 945 in,
1258 884 1492 947 quamvis
1519 880 1605 930 illa
1629 895 1730 931 non
1753 878 2046 930 necessario
2064 879 2378 941 requiratur.
2445 880 2560 931 Ita·

351 961 454 1005 que
499 947 671 1008 posita
712 947 1051 997 distinctione
1071 955 1197 1012 post
1219 950 1427 997 delutum
1451 948 1576 1012 (pro
1601 962 1704 1009 qua
1721 955 1893 995 tamen
1918 960 2045 995 voce
2069 946 2226 995 delato
2248 944 2427 996 Guelf.
2480 962 2560 996 re-

351 1012 465 1058 licto
502 1010 651 1059 Leid.
689 1009 768 1075 l.)
801 1014 1065 1061 sententia
1108 1012 1225 1062 haec
1270 1012 1408 1071 erit;
1442 1013 1668 1061 cadaver
1706 1012 1929 1060 humeris
1968 1020 2261 1059 senatorum
2304 1012 2466 1060 latum
2501 1011 2556 1060 in

348 1077 614 1125 mausoleo
638 1075 798 1125 fuisse
823 1078 1104 1139 sepultum.
1171 1078 1407 1128 Delatum
1430 1079 1534 1127 erit
1557 1078 1899 1141 compositum
1925 1090 2019 1140 pro
2039 1077 2281 1140 simplici,
2303 1077 2405 1138 vel,
2429 1091 2556 1141 quo·

347 1142 504 1189 modo
527 1142 733 1191 mallem
755 1155 1031 1206 reponere,
1051 1141 1272 1192 elotum?
1307 1142 1496 1192 Arntz.

1343 1281 1394 1329 N
1401 1279 1561 1329 0¹1·AE

345 1392 433 1427 ma
469 1376 671 1441 syllaba
704 1378 845 1428 vocis
887 1383 1054 1429 senatu
1090 1380 1291 1428 inversa
1318 1393 1411 1428 na·
1560 1384 1580 1409 ⁸
1625 1376 1753 1426 Solis
1786 1375 2009 1438 defectio]
2042 1376 2198 1426 Hauc
2225 1375 2442 1439 eclipsin
2480 1390 2561 1426 so·

349 1462 478 1502 tum.
543 1452 690 1504 Ordo
709 1453 796 1503 hic
819 1462 928 1504 est:
967 1454 1126 1517 Cujus
1146 1468 1334 1518 corpus
1357 1455 1410 1502 in
1491 1455 1556 1503 lis
1594 1461 1715 1520 post
1754 1455 1947 1504 obitum
1987 1453 2177 1503 Nervae
2201 1453 2380 1502 diebus
2413 1453 2561 1516 quin-

346 1529 590 1590 sepulcro
628 1528 853 1592 Augusti
893 1530 1152 1593 sepultum
1197 1539 1281 1580 est
1317 1530 1409 1578 ho·
1491 1533 1736 1596 quaginta
1780 1531 1946 1580 tribus
2006 1528 2200 1579 factam
2256 1543 2321 1578 ex
2364 1530 2556 1579 tabulis

344 1618 472 1653 nore
497 1606 756 1669 quondam
779 1620 810 1654 a
839 1614 1026 1654 senatu
1056 1605 1297 1667 Augusto
1320 1605 1407 1654 de·
1491 1613 1658 1669 patet.
1729 1606 1860 1656 Nam
1883 1606 2013 1656 obiit
2038 1606 2218 1655 Nerva
2248 1604 2335 1655 die
2356 1608 2440 1654 27.
2462 1605 2554 1658 Ja-

342 1681 471 1729 lato.
561 1682 647 1729 De
695 1682 936 1745 Augusto
979 1684 1068 1747 qui
1113 1691 1407 1732 senatorum
1489 1682 1701 1742 nuarii;
1756 1682 1948 1732 accidit
1990 1681 2195 1744 eclipsis
2245 1682 2333 1730 die
2378 1679 2557 1730 Martii

342 1756 570 1806 humeris
603 1759 655 1807 in
689 1771 927 1824 campum
966 1760 1167 1809 delatus
1196 1759 1409 1809 Sueton.
1486 1761 1571 1808 21.

342 1844 460 1894 cap.
484 1836 597 1884 100.

1187 2189 1398 2254 CAP.
1474 2190 1702 2256 XIII.

1077 2341 1354 2389 numus
1402 2341 1830 2391 TRAJANUS.

431 2474 498 2537 1.
538 2473 836 2540 Unrms
880 2476 1300 2542 TRAJANUS
1344 2497 1435 2565 εις
1475 2480 1636 2543 urbe
1682 2477 2114 2554 Tudertina,⁸
2166 2474 2417 2559 Ulpius
2461 2477 2549 2539 ab

344 2596 478 2641 avo
508 2577 755 2657 dictu8‚
784 2580 1117 2664 Trajanus
1147 2600 1185 2644 a
1218 2581 1429 2664 Trajo
1483 2581 1742 2665 paterni
1784 2579 2045 2663 generis
2096 2587 2395 2657 auctore,
2439 2577 2552 2642 vel

345 2677 431 2741 de
480 2680 743 2743 nomine
774 2679 1054 2764 Trajani
1103 2683 1313 2765 patris
1357 2684 1459 2747 sic
1509 2683 1913 2766 appellatuS,
1955 2681 2311 2765 imperavit
2361 2678 2551 2744 annis

330 2778 628 2862 .vig·inti.b
713 2783 779 2847 2.
825 2782 975 2849 Iste
1008 2785 1210 2849 talem
1245 2805 1318 2848 se
1346 2786 1740 2869 reipublicae
1772 2783 2089 2869 praebuit,
2119 2783 2389 2867 qualem
2429 2782 2555 2846 vix

344 2901 658 2966 aegreqne
705 2886 1084 2968 exprimere
1129 2887 1484 2952 valuerunt
1528 2908 1943 2953 summorum
1989 2888 2391 2971 scriptorum
2425 2885 2546 2957 mi-

345 2984 554 3050 randa
582 2987 899 3069 ingenia.⁶
942 2989 1012 3054 3.
1043 2988 1192 3054 Hic
1223 2991 1580 3074 imperium
1610 2991 1795 3077 apud
1829 2984 2331 3075 Agrippinam,‘¹
2360 2988 2550 3052 nobi-

1265 3153 1633 3174 ‘meme
1705 3156 1713 3165 '

409 3248 543 3298 Cu.
566 3261 697 3298 xm.
764 3253 792 3298 1
835 3250 1093 3302 Mescinio
1116 3253 1264 3305 Leid.
1286 3258 1337 3304 2.
1371 3255 1458 3319 qui
1482 3270 1605 3305 mox
1625 3234 1773 3305 curios
1792 3268 1888 3319 pro
1908 3253 2050 3303 anuis
2070 3251 2348 3302 baben—2
2382 3250 2552 3302 Vulne-

1318 3385 1534 3437 NOTAE

350 3514 354 3523 .
403 3482 428 3509 ⁸
465 3476 543 3524 Ex
580 3474 696 3523 urbe
732 3475 1020 3543 Tuder-tina]
1055 3478 1189 3529 Mihi
1227 3480 1406 3544 ignota
1484 3484 1687 3533 Statius
1719 3482 1951 3544 Valens3
1997 3494 2122 3545 quos
2164 3494 2343 3529 omnes
2377 3481 2556 3533 laudat

340 3561 424 3602 est
446 3551 734 3602 Tudertina
757 3553 900 3602 urbs.
964 3556 1078 3605 Etsi
1103 3565 1230 3607 nota
1248 3567 1408 3622 esset,
1489 3558 1821 3622 Lampridius
1864 3558 1917 3607 iu
1977 3554 2278 3606 Alexandro
2337 3556 2549 3608 Severo.

338 3644 443 3677 nou
466 3629 580 3678 ideo
599 3629 929 3693 Epitomistae
952 3633 1240 3684 crederem.
1273 3637 1404 3685 Tra·
1487 3636 1710 3700 Scripsit
1757 3643 1814 3684 et
1855 3633 2021 3683 AElius
2065 3632 2375 3696 Spartianus
2403 3649 2419 3692 ;
2453 3633 2549 3682 sed

329 3705 491 3767 janus
514 3704 650 3753 euim
676 3719 739 3752 ex
761 3705 947 3755 Italica
966 3707 1240 3772 Hispaniae
1256 3711 1405 3773 urbe,
1489 3727 1605 3776 quae
1630 3710 1877 3773 temporis
1895 3708 2085 3772 injuria
2109 3708 2283 3770 periit.
2327 3708 2397 3757 Et
2415 3709 2554 3759 hunc

340 3794 441 3827 non
467 3793 533 3828 ex
566 3779 872 3830 Tudertina.
938 3782 1074 3833 Vide
1115 3786 1165 3834 in
1190 3786 1405 3837 Caesari-
1486 3787 1711 3836 maxime
1744 3787 1809 3835 ab
1832 3784 2150 3848 Epitomista
2189 3785 2382 3847 respici
2418 3782 2562 3834 veri-⁴

340 3857 457 3905 bns.
1488 3862 1657 3912 simile
1676 3869 1778 3924 est,
1802 3874 1920 3910 cum
1944 3859 2012 3909 ab
2036 3858 2265 3922 ejusdem
2292 3859 2411 3910 vitis
2433 3874 2551 3925 quas

402 3931 425 3965 δ
441 3930 597 3980 Annis
616 3930 823 3996 viginti]
845 3932 1013 3983 Immo
1037 3948 1122 3985 au.
1137 3939 1220 3986 19.
1243 3950 1408 3988 mens.
1490 3943 1773 4002 supersunt
1794 3936 1958 3985 multa
1977 3934 2043 3985 ab
2065 3949 2127 3985 eo
2145 3934 2411 3985 videamus
2435 3950 2552 3986 esse

339 4021 454 4066 ιρις
474 4005 585 4054 dies
611 4011 693 4055 15.
1487 4013 1823 4076 transcripta.

402 4093 424 4117 ⁶
457 4083 758 4134 Summarum
777 4086 1061 4149 scriptorum
1092 4089 1312 4139 miranda
1330 4091 1406 4140 in·
1552 4088 1578 4122 ἃ
1609 4088 1753 4150 Apud
1770 4084 2118 4150 Agrippinum]
2152 4087 2376 4149 Eutrop.
2411 4085 2551 4135 ‘Im.

331 4159 503 4223 genia]
547 4161 759 4223 Trajani
797 4163 954 4211 vitam
991 4165 1204 4227 copiose
1240 4166 1405 4215 literis
1487 4170 1699 4228 perator
1725 4171 1898 4211 autem
1922 4160 2060 4225 apud
2088 4158 2433 4224 Agrippinam
2471 4162 2549 4211 ci.

337 4237 714 4286 mandaverant
753 4236 951 4288 Marius
989 4240 1269 4306 Maximus,
1307 4242 1404 4292 Fa·
1489 4241 1707 4290 vitatem
1733 4239 1785 4287 in
1802 4237 1993 4288 Galliis
2012 4237 2185 4286 factus
2202 4236 2321 4287 est.’
2352 4237 2546 4304 Agrip·

336 4312 454 4362 bius
497 4311 859 4379 Marcellinus,
915 4312 1162 4368 Aurelius
1216 4319 1406 4378 Verus,
1487 4316 1612 4382 pina
1634 4314 1871 4377 colonia;
1902 4313 2055 4366 bodie
2081 4314 2307 4376 Colone.
