3023 4942
505 365 639 432 202
1096 387 1324 441 ssxri
1372 385 1699 441 Annanu
1752 392 2104 467 vic-roms

497 526 750 610 jussit3
798 528 913 593 ubi
953 528 1286 596 Minervae
1332 534 1646 619 templum
1702 537 2102 606 inviolatum
2149 543 2356 621 stetit,
2387 547 2568 631 quod
2612 546 2708 615 di·

504 629 668 692 vina
695 629 1052 712 majestate
1082 642 1418 700 servatum
1462 656 1659 713 nemo
1690 639 2048 708 dubitavit.
2134 647 2200 735 4.
2232 645 2498 712 Ibidem
2534 649 2712 715 Fim-
2763 675 2774 682 ·

505 730 652 793 bria
677 730 938 798 militiae
966 734 1308 819 principes
1339 739 1557 803 securi
1599 745 1966 824 percussit:
2012 765 2178 811 mox
2201 755 2230 795 ⁸
2258 769 2301 813 a
2329 749 2518 832 Sylla
2543 750 2710 817 Per-

504 832 684 913 gami
734 834 1088 914 obsessus,
1163 845 1480 923 corrupto
1539 845 1844 909 exercitu
1868 842 1895 881 ¹²
1953 846 2264 916 desertus
2327 862 2541 919 semet
2597 873 2714 919 oc·

506 931 692 997 cidit.

1421 1041 1509 1061 m
1514 1041 1723 1064 ”nm
1727 1044 1786 1064 &O

503 1128 659 1181 Fran.
684 1139 914 1183 ceterum
939 1136 1235 1186 volentibus
1256 1138 1461 1202 scriptis
1485 1150 1543 1190 et
1580 1142 1703 1192 edd.
1723 1149 1977 1205 patuerunt
2010 1146 2269 1211 dedimus,
2293 1163 2387 1211 pro
2425 1164 2526 1212 quo
2543 1155 2710 1213 patue-

500 1202 616 1245 rant
635 1196 896 1248 Schottns.
922 1198 1143 1262 [Gaesb.
1175 1203 1364 1266 Delph.
1398 1204 1612 1269 Pitisc.]
1630 1206 1646 1230 ’
1687 1208 1999 1261 Arutzenius.
2067 1213 2359 1263 Inviolatum
2376 1215 2486 1274 fuit
2510 1216 2610 1264 Ed.
2632 1230 2711 1278 pr.

499 1264 598 1308 —4
620 1261 755 1310 Idem
775 1264 993 1314 Fimbria
1014 1276 1136 1315 ame
1159 1268 1356 1318 Schott.
1381 1269 1671 1333 legebatur.
1739 1275 1961 1325 Fimbria
1988 1275 2198 1326 militum
2213 1279 2369 1340 princ.
2390 1279 2512 1327 edd.
2545 1281 2711 1344 antiq.

499 1324 631 1374 Tum
655 1333 670 1354 ‘
688 1328 923 1388 Pergami
943 1345 1190 1394 oppressus
1222 1339 1444 1395 uterque
1469 1335 1615 1385 Leid.
1641 1335 1812 1400 [Ala-J
1840 1340 1992 1390 Fran.
2017 1349 2073 1390 et
2095 1350 2153 1392 ut
2178 1342 2386 1392 videtur
2403 1343 2638 1393 Gramm.
2654 1355 2713 1395 et

503 1387 676 1439 Haun.
699 1392 827 1442 nihil
865 1394 1004 1444 enim
1045 1396 1112 1445 de
1151 1399 1410 1448 varietate
1431 1409 1694 1451 monetur.
1761 1403 1925 1468 Pejus
1960 1406 2195 1471 Princeps
2230 1408 2383 1458 Fran.
2405 1408 2611 1462 Boend.
2652 1416 2709 1460 et

502 1463 724 1520 uterque
747 1457 895 1510 Leid.
950 1460 1225 1524 Principem
1246 1462 1493 1529 Agripp!
1510 1467 1686 1516 Arutz.

1497 1582 1717 1638 NOTAE

563 1680 590 1715 ⁸
621 1657 767 1736 Μοαὲ]
802 1674 1001 1726 Eodem
1037 1690 1187 1736 anuo,
1223 1682 1363 1732 nullo
1393 1647 1562 1733 inter·
1707 1683 1732 1718 ¹
1771 1687 2007 1752 Corrupto
2029 1688 2266 1753 exercitu]
2299 1689 2402 1741 Qui
2426 1689 2493 1740 ad
2516 1690 2707 1755 Syllam

497 1748 651 1797 misso
677 1755 928 1814 tempore.
1642 1761 1859 1814 defecit.

1321 2186 1535 2252 cAP.
1594 2188 1887 2283 Lxx1.

1100 2335 1557 2402 vuuA'rHUS,
1608 2340 2071 2393 LUSITANUS.

496 2437 929 2501 Ancumnn'runr.
997 2442 1176 2504 Primo
1212 2455 1583 2515 mercenarius,
1604 2457 1796 2510 deinde
1819 2469 2063 2525 venator,
2099 2462 2256 2528 latro,
2280 2463 2383 2514 dux
2406 2463 2600 2516 bellum
2622 2479 2705 2516 su·

559 2526 689 2588 mit3
725 2530 994 2582 Claudium
1015 2541 1072 2585 et
1094 2536 1362 2599 Nigidium
1385 2540 1670 2604 opprimit3
1706 2556 1886 2606 pacem
1912 2547 2070 2610 petit,
2088 2555 2142 2596 et
2159 2546 2351 2597 bellum
2376 2553 2625 2610 renovat;
2651 2554 2707 2598 et

560 2620 592 2654 a
617 2607 818 2661 duobus
841 2615 1157 2666 satellitibus
1181 2619 1403 2682 pecunia
1427 2623 1691 2687 corruptis
1714 2626 1990 2688 perimitur
2012 2628 2296 2691 Viriathus,
2320 2630 2618 2680 Lusitanus.

578 2721 642 2782 l·
689 2722 1164 2808 VlluA'rHUS,
1194 2753 1433 2816 genere
1469 2737 1895 2820 LusitanuS‚⁸
1949 2744 2037 2808 ob
2070 2752 2539 2829 paupertatem
2568 2748 2703 2830 pri-

494 2840 608 2887 mo
635 2832 1118 2912 mercenariu8‚
1146 2834 1384 2901 deinde
1406 2839 1762 2907 alacritate
1788 2843 2070 2923 vector,¹‘
2087 2846 2373 2913 audacia
2391 2846 2590 2928 latre,
2612 2848 2700 2913 ad

556 3065 691 3118 Car».
715 3083 874 3120 Lxxr.
942 3078 968 3123 1
1003 3074 1222 3127 Vir-incus
1244 3078 1523 3148 Lusitanus,
1550 3084 1734 3136 omisso
1751 3102 1947 3149 genere,
1970 3088 2070 3138 Ed.
2084 3104 2170 3153 pr.
2200 3090 2217 3117 ⁸
2239 3088 2510 3147 Viriachus,
2540 3090 2705 3156 Viria-

488 3132 586 3193 tus,
632 3133 855 3185 Viriacus
890 3137 1021 3190 Mss.
1078 3142 1296 3193 Viriatus
1331 3148 1486 3196 etiam
1525 3149 1687 3200 editi:
1736 3153 1829 3202 sed
1868 3155 2086 3203 alterum
2125 3154 2350 3217 probant
2386 3154 2481 3203 viri
2522 3155 2704 3205 docti!

488 3191 664 3246 Arutz.
732 3199 1004 3253 Alae-ritate
1024 3205 1177 3255 victor
1198 3218 1322 3259 ante
1341 3212 1544 3263 Schott.
1565 3216 1858 3279 legebatur.
1924 3219 1941 3247 ‘
1967 3220 2178 3269 Venator
2199 3220 2448 3269 Schottus
2465 3221 2638 3270 edidit
2670 3235 2701 3270 e

488 3260 596 3307 suis
630 3262 758 3314 Mss.
780 3273 837 3313 et
872 3268 948 3316 sic
973 3269 1113 3319 Flor.
1153 3285 1218 3321 11·
1248 3278 1329 3324 17.
1365 3280 1447 3326 15.
1479 3278 1545 3328 de
1582 3280 1765 3331 eodem
1799 3284 2079 3342 disserens,
2112 3293 2168 3333 et
2209 3286 2439 3345 Epitom.
2464 3285 2581 3335 Liv.
2606 3299 2705 3335 mr.

486 3323 594 3373 Sed
612 3332 770 3377 vector
785 3330 906 3381 libri
929 3334 1070 3397 apud
1102 3335 1358 3390 Arutzen.
1381 3357 1536 3407 quem
1562 3346 1698 3404 vide,
1729 3354 1785 3398 et
1808 3349 2115 3400 salmasium
2136 3349 2202 3399 ad
2223 3349 2452 3401 Trebell.
2476 3350 2701 3401 Pollion-

1461 3472 1679 3526 NOTAE

550 3550 878 3617 ⁸Lusitanus]
913 3557 1146 3610 Lusitani
1169 3563 1438 3629 Hispaniae
1457 3582 1551 3632 po·
1595 3587 1607 3593 ·
1633 3572 1807 3636 poris.’
1872 3575 1945 3624 Et
1988 3575 2077 3625 hic
2118 3576 2365 3627 alacritas
2407 3580 2490 3626 est
2520 3575 2700 3646 ‘agili-
2789 3591 2793 3598 ·

485 3624 596 3689 puli
618 3640 772 3689 supra
789 3631 987 3694 Tagum
1010 3633 1243 3690 fluvium.
1633 3647 2107 3704 tas‚’'‘velocitas.’
2173 3652 2276 3700 Sed
2315 3665 2419 3701 nou
2455 3651 2702 3700 omitten-

520 3702 574 3776 Vb
604 3704 796 3757 Deinde
823 3710 1076 3764 alacritate
1113 3723 1272 3767 vector
1308 3720 1551 3785 [venator]
1631 3723 1754 3773 dum
1779 3728 1914 3790 quod
1938 3727 2143 3777 notavit
2178 3729 2299 3777 olim
2337 3728 2552 3777 illustris
2589 3727 2726 3776 Sal-⁴

480 3780 622 3831 Flor.
644 3782 736 3832 lib.
763 3799 827 3835 11.
849 3802 896 3837 c.
920 3793 999 3838 17.
1033 3798 1048 3820 ‘
1068 3792 1314 3845 Ceterum
1347 3797 1549 3848 Lusita·
1631 3796 1841 3864 masiusss
1875 3802 2018 3865 apud
2050 3803 2280 3853 Trebell.
2313 3803 2606 3853 Pollionem
2637 3803 2698 3852 li-

477 3870 572 3907 nos
612 3858 880 3913 Viriathus
916 3868 1104 3926 erexit,
1123 3872 1220 3921 -vir
1251 3875 1551 3927 calliditatis
1628 3876 1751 3927 bros
1773 3892 1951 3930 omnes
1976 3894 2071 3943 pro
2093 3886 2289 3930 venator
2308 3880 2504 3930 habere
2524 3885 2700 3931 vector.

479 3935 767 4001 acerrimae,
788 3939 878 4003 qui
913 3955 981 3991 ex
1005 3952 1256 3997 venatore
1293 3951 1448 4009 latro,
1481 3967 1551 4003 ex
1631 3951 1790 4003 Quod
1821 3961 2010 4016 postea
2045 3954 2275 4019 imperiti
2309 3953 2545 4005 homines
2584 3968 2696 4004 cor-

478 4010 684 4062 latrone
719 4014 892 4065 subito
913 4016 1042 4081 dux,
1065 4028 1224 4085 atque
1246 4025 1548 4087 imperator,
1629 4037 1881 4091 ruperunt
1923 4030 2148 4093 legendo
2189 4030 2359 4086 victor,
2394 4036 2451 4081 et
2485 4035 2696 4080 venator·

480 4092 537 4136 et
557 4089 603 4138 si
623 4088 838 4142 fortuna
860 4096 1123 4162 cessisset,
1146 4098 1418 4163 Hispaniae
1445 4103 1549 4154 Ro·
1638 4104 1811 4155 Vector
1841 4106 2057 4171 antiqua
2091 4120 2210 4170 vox,
2240 4107 2295 4156 id
2328 4113 2411 4157 est
2443 4106 2575 4156 bene
2609 4120 2695 4155 va·

479 4165 689 4217 mulus!
752 4169 924 4234 Supra
958 4178 1133 4222 autem
1178 4177 1430 4229 alacritate
1473 4181 1580 4230 ins
1626 4181 1763 4244 lens,
1798 4181 2056 4244 robustus,
2077 4183 2163 4247 qni
2199 4195 2316 4231 sese
2352 4180 2572 4246 pedibus
2612 4194 2694 4229 ve·

480 4249 741 4309 terpretor
772 4253 789 4277 ⁸
806 4254 1026 4313 propter
1069 4251 1398 4309 alacritatem
1434 4271 1550 4316 cor·
1628 4257 1737 4311 hita
1769 4258 1911 4311 unde
1943 4272 2039 4324 pro
2061 4257 2377 4311 ‘venatore’
2405 4258 2543 4324 quod
2562 4272 2691 4325 opus
