3023 4942
957 705 1884 788 SERENISSIMO

496 924 2332 1107 DELPHI'NO

1222 1282 1294 1347 S.
1370 1283 1456 1348 P.
1531 1286 1621 1349 D.

498 1520 831 1598 ANNA
882 1520 1591 1609 TANAQUILLI
1647 1523 1986 1600 FABRI
2045 1522 2372 1599 FILIA.

326 2045 774 2153 POSTQUAM
809 2074 1057 2158 ingenii
1092 2077 1193 2140 tui
1223 2076 1564 2141 celeritate
1596 2082 1668 2141 et
1713 2076 2093 2141 maturitate
2119 2075 2370 2140 factum
2400 2078 2532 2151 est,

327 2177 674 2262 Delphine
707 2178 1163 2257 Serenissime,
1194 2184 1270 2242 ut
1299 2179 1528 2244 studia
1557 2199 1712 2243 mea
1757 2180 1880 2244 vix
1917 2179 2064 2262 jam
2109 2178 2353 2243 studiis
2396 2178 2535 2242 tuis

326 2282 650 2364 prodesse
697 2282 982 2365 amplius
1029 2283 1317 2365 possint,
1357 2282 1528 2347 illud
1577 2281 1743 2349 mihi
1787 2287 2050 2345 tantum
2102 2292 2428 2364 superest,
2458 2288 2536 2344 ut

327 2403 495 2467 quos
534 2383 861 2447 Historiae
891 2382 1224 2449 Romanae
1255 2384 1631 2468 Scriptores
1651 2383 2079 2448 invictissimi
2106 2385 2203 2448 tui
2232 2382 2534 2466 parentis

318 2486 522 2569 jussu
552 2487 623 2551 in
655 2506 850 2550 usum
881 2493 1067 2551 tuum
1112 2487 1291 2551 notis
1319 2486 1671 2565 illustravi,
1717 2505 1835 2551 eos
1865 2485 2185 2567 *Augusto
2229 2492 2341 2550 tuo
2392 2484 2532 2549 No-

327 2590 485 2653 mini
512 2609 691 2653 nunc
722 2590 1107 2668 inscribam,
1142 2589 1270 2653 sub
1297 2588 1627 2671 auspiciis
1658 2590 1793 2656 tuis
1814 2587 2183 2653 Galliarum
2202 2587 2537 2672 juventuti
2585 2585 2594 2592 ’

328 2692 738 2774 profuturos.
824 2692 1109 2764 Tamen,
1138 2691 1475 2775 Delphine
1521 2691 1985 2769 Serenissime,
2029 2690 2091 2753 si
2135 2696 2201 2754 te
2254 2689 2536 2753 subinde

331 2794 701 2857 aulicarum
753 2792 1140 2858 deliciarum
1186 2793 1547 2870 illecebriS,
1594 2791 1749 2877 qu'ae
1793 2790 1859 2858 te
1909 2793 2363 2869 circumstant,
2411 2792 2536 2855 eri-

331 2914 512 2978 pere,
575 2903 645 2960 et
688 2896 1164 2979 imperatorum
1217 2897 1640 2979 virorumque
1688 2897 2037 2961 illustrium
2080 2895 2275 2958 factis
2323 2894 2535 2977 perle-

333 2999 569 3077 gendis
618 3017 864 3062 vacare
916 3018 1055 3063 uon
1105 2997 1503 3080 dedigneriS‚
1535 2999 1770 3062 multa¹
1798 2998 2102 3062 invenias
2141 3003 2340 3072 certe,
2382 3015 2537 3079 quae

334 3103 395 3160 te
439 3101 614 3164 mira
656 3100 945 3183 quadam
988 3100 1338 3185 voluptate
1383 3101 1825 3184 perfundantt,
1871 3100 2036 3183 quid
2079 3099 2256 3161 enim
2286 3098 2407 3161 tibi
2425 3097 2535 3180 ju-

255 3219 261 3226 ·
337 3202 620 3266 cundius
650 3223 854 3285 quam
876 3202 1597 3306 legendotcognoscere
1625 3210 1691 3267 te
1716 3223 1799 3267 eo
1825 3207 2097 3286 parente
2120 3208 2347 3266 natum
2367 3220 2539 3278 esse,

688 3303 847 3383 Quo
876 3306 1039 3370 nihil
1067 3304 1290 3389 majus
1321 3306 1653 3370 meliusve
1682 3307 1900 3384 terriS,

686 3406 862 3471 Fata
896 3408 1250 3483 donavere,
1281 3408 1571 3491 bonique
1614 3407 1790 3484 Divi,

685 3503 839 3574 Nec
862 3509 1135 3588 dabunt,
1152 3511 1463 3594 quamvis
1483 3510 1756 3575 redeant
1773 3511 1843 3574 iu
1869 3527 2104 3574 aurum
2141 3541 2147 3548 ·

1007 3613 1344 3696 Tempora
1368 3613 1696 3696 priscum.

423 3711 600 3776 Tum
630 3722 700 3779 et
750 3715 919 3780 illud
964 3716 1342 3799 voluptatis
1382 3721 1473 3780 ex
1515 3715 1847 3779 historicis
1882 3715 2131 3787 nostris
2180 3710 2541 3795 percipies,

344 3813 526 3894 quod
553 3815 835 3897 legendo
868 3838 1105 3883 cernes
1141 3826 1210 3882 te
1243 3820 1329 3882 ab
1361 3818 1811 3883 invictissimo
1838 3824 1957 3881 tuo
1987 3820 2255 3899 parente
2284 3814 2542 3877 excita-

345 3920 506 3992 tum,
536 3917 888 3984 fortissimi
921 3920 1246 4005 cujusque
1277 3922 1558 3987 virtutes
1588 3928 1744 3984 ante
1771 3919 2106 3982 imitatum
2138 3936 2313 3994 esse,
2337 3936 2544 4000 quam

347 4032 462 4079 eas
489 4016 781 4084 lectione
813 4041 1271 4104 cognosceres·
1361 4022 1497 4087 Sed
1528 4041 1613 4084 ne
1640 4027 1708 4085 te
1737 4020 2084 4086 blanditiis
2106 4019 2546 4086 tantumalli-

348 4134 489 4182 cere
518 4120 824 4186 videatur
851 4124 1151 4202 historia,
1181 4125 1396 4202 multa
1425 4129 1621 4188 erunt
1650 4142 1804 4208 quae
1847 4129 2089 4206 pectus
2134 4129 2323 4185 tuum
2364 4121 2544 4184 omni

347 4220 710 4287 eruditione
756 4225 1084 4291 imbutum
1133 4227 1397 4311 egregie
1435 4227 1747 4290 roborare
1787 4224 2077 4318 possint,
2108 4230 2175 4288 et
2202 4222 2543 4307 prudenti-

470 4332 645 4397 Delplt.
666 4339 715 4383 et
743 4333 857 4383 Ver.
882 4337 1012 4385 Clas.
1304 4335 1473 4385 Aml.
1498 4336 1624 4385 Viae.
2365 4332 2414 4381 A
