3023 4942
491 410 578 477 68
1094 425 1322 475 ssx'rr
1370 408 1698 474 Annum
1749 422 2100 472 vlcrolus

1334 685 1547 753 CAP.
1608 685 1867 751 XVII.

497 849 929 898 Anconem-um.
963 847 1097 897 Alba
1118 848 1295 910 Longa
1312 847 1541 897 condita.
1590 845 1800 896 Ascanii
1823 845 2011 896 obitus,
2058 845 2337 895 eontentio
2362 847 2497 896 inter
2523 847 2694 899 Iulum

563 929 672 992 ejus
694 928 855 977 filium
879 935 931 978 et
959 928 1212 991 Sylvium,
1244 934 1537 990 postumum
1564 927 1743 976 AEneae
1769 926 1949 983 filium,
1974 926 2041 975 de
2063 926 2301 990 imperio,
2320 930 2454 993 quod
2491 930 2697 979 obtinet

562 1009 784 1073 Sylvius.
852 1009 1014 1072 Cujus
1039 1017 1278 1072 posteros
1313 1009 1518 1072 Sylvios
1543 1008 1693 1058 Albae
1729 1022 1994 1071 regnasse,
2015 1022 2177 1072 usque
2197 1009 2262 1057 ad
2295 1010 2556 1059 conditam
2591 1011 2695 1060 Ro·

562 1103 718 1140 mam.
784 1089 1012 1138 Coloniae
1035 1088 1275 1139 deductae
1304 1096 1554 1152 regnante
1577 1088 1764 1136 Latino
1784 1088 1974 1151 Sylvio.

584 1238 647 1302 1.
700 1238 899 1301 Pos'r
950 1237 1100 1301 haec
1137 1236 1498 1311 AscaniuS,
1554 1238 1915 1320 completis
1969 1237 2039 1301 in
2090 1236 2377 1301 Lavinio
2429 1239 2699 1320 triginta

500 1342 712 1418 annis,
742 1339 1128 1404 recordatus
1169 1359 1367 1404 novae
1407 1339 1595 1403 urbis
1634 1339 2004 1405 condendae
2044 1345 2303 1423 tempus
2344 1341 2699 1405 advenisse

502 1462 596 1507 ex
613 1459 892 1505 numero
919 1460 1295 1523 porcorum,
1315 1460 1489 1524 quos
1522 1447 1873 1523 pepererat
1905 1460 2020 1505 sus
2049 1442 2229 1519 alba,
2253 1442 2699 1526 circumspec-

498 1546 584 1609 tis
624 1544 973 1627 diligenter
1008 1545 1308 1608 finitimis
1349 1544 1757 1626 regiouibus,
1788 1545 2182 1626 speculatus
2227 1551 2512 1608 montem
2562 1546 2700 1609 edi·-

499 1652 660 1723 tum,
692 1647 811 1730 qui
848 1665 1023 1710 nunc
1067 1647 1155 1709 ab
1199 1664 1282 1708 ea
1320 1646 1508 1722 urbe,
1538 1645 1789 1727 quaein
1818 1664 1902 1709 eo
1933 1645 2205 1710 condita
2231 1654 2356 1724 est,
2393 1647 2701 1715 Albanus

500 1754 976 1831 nuncupatur,’‘
1006 1749 1342 1811 civitatem
1372 1748 1779 1827 communit3
1822 1765 2105 1831 eamque
2136 1768 2225 1812 ex
2254 1748 2490 1826 forma,
2516 1750 2701 1831 quod

501 1853 602 1915 ita
642 1853 708 1914 in
744 1852 1012 1932 longum
1043 1857 1348 1933 porrecta
1379 1855 1506 1926 est,
1538 1850 1859 1932 Longam,
1889 1869 1977 1913 ex
2007 1852 2231 1914 colore
2257 1851 2422 1927 suiS‚
2451 1848 2700 1914 Albam

502 1954 1017 2034 cognominavit.
1104 1952 1170 2016 2.
1217 1950 1524 2035 Cumque
1560 1954 1723 2017 illuc
1761 1953 2120 2018 simulacra
2150 1954 2448 2018 Deorum
2483 1953 2702 2021 Pena-

504 2057 668 2118 tium
709 2055 1188 2132 transtulisset,
1222 2055 1544 2138 postridie
1590 2055 1773 2137 apud
1823 2054 2181 2121 Lavinium
2223 2061 2699 2138 apparuerunt:

501 2177 861 2239 rursusque
908 2157 1120 2221 relata
1162 2156 1434 2234 Albam,
1481 2158 1952 2240 appositisque
1999 2158 2389 2221 custodibus
2441 2157 2699 2240 [nescio

505 2260 769 2342 quantis
785 2258 862 2339 5]‚
893 2278 965 2323 se
993 2260 1349 2324 Lavinium
1377 2260 1448 2322 in
1474 2259 1822 2343 pristinam
1854 2258 2085 2323 sedem
2122 2258 2480 2322 identidem
2516 2277 2701 2322 rece-

505 2367 764 2444 perunt.
852 2363 917 2427 3.
961 2361 1208 2445 Itaque
1249 2363 1449 2427 tertio
1485 2381 1681 2425 nemo
1730 2381 1938 2425 ausus
1980 2369 2085 2425 est
2128 2379 2437 2424 amovere
2483 2380 2587 2435 ea,
2630 2366 2705 2425 ut

507 2464 837 2547 scriptum
857 2466 1057 2530 estin
1075 2463 1324 2530 Annali
1354 2462 1760 2529 Pontificum
1796 2463 1913 2528 lib.
1947 2481 2050 2527 lv.
2082 2461 2298 2527 Cincii
2316 2468 2380 2527 et
2403 2462 2704 2528 Caesaris

505 2582 588 2630 11.
633 2566 1011 2631 Tuberonis
1042 2584 1093 2629 ι.
1180 2569 1245 2629 4.
1288 2564 1386 2630 At
1426 2564 1768 2629 Ascanius
1812 2572 2170 2649 postquam
2216 2566 2622 2628 excessisset
2664 2584 2704 2628 e

506 2668 674 2746 vita,
702 2670 870 2733 inter
909 2669 1174 2733 Iulum²
1212 2668 1424 2731 filium
1464 2667 1636 2751 ejuS‚
1666 2677 1734 2732 et
1763 2668 2070 2752 Sylvium
2101 2667 2558 2743 Postumum?
2588 2666 2706 2750 qui

1426 2832 1699 2852 OOOOOOm
1705 2832 1793 2851 000

573 2930 712 2980 CAP.
734 2945 879 2980 xvn.
945 2935 978 2979 2
1003 2932 1019 2960 ‘
1036 2931 1214 2980 Malim
1237 2933 1390 2980 nescio
1407 2933 1648 2994 quomodo,
1671 2931 1760 2979 sed
1783 2930 1830 2978 id
1858 2930 2007 2978 nimis
2029 2928 2247 2978 divertit
2269 2943 2301 2978 a
2324 2926 2709 2978 characteribus

504 3003 561 3044 et
585 2996 1006 3057 pronuntiatione
1031 2997 1171 3045 vocis
1192 2998 1441 3045 alterins:
1479 3012 1640 3060 quare
1665 2997 1832 3045 verius
1856 2996 2100 3045 Schottus
2127 2996 2178 3043 in
2204 3008 2384 3057 marg„
2416 2994 2570 3042 nescio
2593 3009 2712 3055 qua·

508 3067 663 3124 tenus,
689 3076 754 3109 ex
771 3062 934 3110 veteri
955 3063 1208 3124 scriptura
1234 3077 1347 3124 quae
1369 3061 1601 3110 habebat
1624 3062 1796 3124 quat's.
1824 3075 1999 3108 verum
2025 3074 2192 3123 neque
2219 3060 2268 3107 id
2295 3060 2420 3107 satis
2446 3058 2612 3106 adhuc
2632 3058 2710 3106 fa-

511 3124 618 3174 cit.’
641 3126 791 3175 Grut.
857 3126 1034 3174 Nescio
1054 3127 1185 3190 queis
1209 3128 1343 3189 conj.
1376 3125 1546 3175 Anna.
1610 3130 1626 3153 ⁶
1653 3126 1822 3174 Nescio
1844 3127 2037 3188 quantis
2061 3126 2138 3173 vel
2172 3125 2362 3187 exponi
2386 3124 2561 3179 debet,
2585 3124 2601 3149 ‘
2620 3137 2711 3171 ne-

511 3191 620 3239 scio
643 3191 1056 3303 qganhmultislj’
1079 3192 1266 3268 stmue
1289 3191 1798 3305 hanc-sffnigcamm
1817 3205 2071 3303 lusumque
2095 3190 2245 3303 biij}
2262 3204 2375 3238 voc.
2410 3189 2668 3301 “quanvis
2693 3186 2710 3210 ’

507 3270 792 3369 '33'5‘02032
815 3263 1495 3385 Ἧέῒκειῖὶζῖὂωέἒῖᾞέἆὲὲ
1521 3270 1814 3370 ἳηζῗέὲῗέἓ
1829 3263 2020 3381 ‚³:231ssssss
2025 3263 2391 3383 '321222122125
2396 3266 2713 3366 ⁰12⁰50¹32¹3u2

509 3385 612 3434 iuae
638 3387 830 3435 voculae
861 3386 996 3448 apud
1035 3385 1300 3435 Aurelium
1342 3388 1563 3450 adjectae
1598 3397 1750 3435 sunt:
1788 3386 1906 3435 ideo
1950 3387 2085 3445 illas,
2122 3393 2382 3447 tamquam
2421 3390 2710 3446 suspectas,

509 3450 654 3499 uncis
671 3452 783 3516 [qui
803 3451 988 3500 desunt
1008 3452 1060 3500 in
1084 3452 1299 3515 reliquis
1317 3463 1511 3513 praeter
1526 3452 1650 3513 Bip.
1666 3460 1721 3499 et
1738 3451 1992 3500 Schoenb.
2010 3450 2159 3513 edd.]
2180 3450 2390 3498 inclusit
2405 3445 2712 3498 Grunerus.'

512 3516 758 3565 Harl.—4
781 3516 798 3542 ‘
816 3517 941 3578 Ejus
958 3517 1046 3569 rei.
1079 3518 1184 3567 Vel
1206 3517 1692 3581 subintelligendum
1718 3518 1799 3565 vel
1824 3516 2116 3566 addendum
2144 3523 2225 3564 est
2240 3515 2386 3580 plebi,
2402 3513 2537 3579 quod
2562 3512 2715 3562 facile

574 3767 601 3792 ¹
634 3758 847 3808 Albanus
879 3762 1200 3826 nuncupatur]
1249 3761 1362 3811 Liv.
1400 3762 1488 3811 lib.
1530 3777 1576 3813 1.
1657 3777 1724 3812 na
1745 3762 1910 3811 veteri
1933 3776 2047 3825 quae
2069 3758 2297 3808 habebat
2319 3754 2508 3821 quat’s:
2543 3753 2716 3804 forsan

509 3837 525 3865 ‘
549 3851 732 3885 novam
775 3838 886 3899 ipse
936 3837 1122 3886 aliam'
1163 3837 1398 3902 (urbem)
1441 3839 1571 3887 ‘sub
1654 3838 1807 3886 nescio
1834 3836 1983 3899 queis.
2225 3839 2230 3844 “

511 3911 719 3962 Albano
756 3919 930 3962 monte
965 3914 1219 3977 condidit,
1240 3929 1355 3978 quae
1379 3914 1442 3963 ab
1467 3915 1574 3963 situ
1718 3920 1739 3945 ²
1772 3913 1909 3960 Inter
1928 3909 2109 3973 Iulum]
2144 3909 2293 3959 Idem
2318 3909 2528 3973 Dionys,

510 3997 769 4053 porrectae
793 3990 845 4038 in
873 3990 1027 4039 dorso
1063 3990 1203 4038 urbis
1228 3991 1411 4053 Longa
1434 3990 1574 4039 Alba
1720 3995 1744 4022 ⁸
1776 3988 2080 4051 Postumum]
2117 3988 2350 4058 Postumi
2367 3987 2607 4038 dicuutur
2626 3985 2714 4048 qui

514 4064 813 4129 appellata?
1654 4076 1856 4117 mortuo
1893 4075 2044 4130 patre
2080 4073 2380 4124 nascuntur,
2407 4071 2462 4113 et
2485 4065 2573 4127 qni
2599 4068 2718 4124 post

578 4150 600 4184 1
634 4143 811 4191 Nescio
832 4141 1046 4205 quantis]
1078 4142 1226 4191 Istud
1249 4144 1447 4205 puerile
1471 4149 1571 4192 est.
1652 4142 1850 4193 sactum
1872 4150 2260 4192 testamentum.
2293 4142 2427 4189 Item
2449 4147 2718 4202 postumus

513 4220 750 4285 Legebat
810 4220 1025 4269 Gruter.
1099 4220 1272 4269 Nescio
1334 4222 1576 4284 quomodo.
1656 4220 1743 4285 qui
1768 4226 1887 4282 post
1916 4220 2042 4269 alios
2076 4233 2253 4270 omnes
2288 4218 2478 4268 liberos
2509 4214 2717 4265 ultimus

511 4299 760 4348 Schottus
788 4296 944 4346 nescio
970 4302 1194 4360 quatenus
1223 4312 1288 4348 ex
1320 4298 1575 4348 membra·
1656 4307 1810 4347 natus
1834 4305 1932 4347 est.
