3023 4942
502 371 633 440 118
1091 388 1322 439 snxrl
1373 389 1696 438 Annam
1749 388 2106 437 vicroms

501 530 692 599 dem*
723 539 948 599 castra
969 534 1231 617 posuit.
1289 534 1356 598 4.
1390 532 1696 616 Cumque
1726 533 1927 597 nullis
1957 533 2205 598 civium
2223 532 2709 616 legationibus¹

500 636 904 713 flecteretur,
938 656 979 700 a
1009 635 1292 699 Veturia
1321 645 1549 708 matre,
1583 645 1653 698 et
1680 634 2094 699 Volumniam
2127 655 2343 701 uxore
2373 646 2710 702 matrona-

501 759 649 803 rum
699 757 966 802 numero
1019 738 1384 802 comitata¹²
1426 744 1680 811 motus»,
1729 736 1989 800 omisso
2031 737 2237 814 belle,
2285 744 2365 801 ut
2408 740 2711 822 proditor

502 842 773 905 occisus
814 846 966 906 est-⁰
1050 842 1114 904 5.
1146 837 1258 904 Ibi
1299 840 1622 923 templum
1653 837 1968 904 Fortunae
1996 839 2348 904 muliebrip
2395 842 2710 906 constitu-

501 950 646 1006 tum
677 949 802 1007 est.

1426 1011 1795 1062 “mn-‘OM

501 1124 611 1189 Tito
636 1138 794 1189 Tatio.
864 1138 1051 1190 Quaed.
1074 1136 1195 1187 edd.
1221 1137 1366 1188 Actio
1386 1140 1572 1189 Tullio:
1620 1141 1689 1189 al.
1713 1138 1860 1189 Accio
1907 1140 2181 1189 1'ullio.—4
2211 1141 2226 1167 ‘
2245 1139 2510 1189 Parisinus
2543 1137 2716 1192 Vetra-

497 1208 595 1263 ria,
619 1214 671 1253 et
699 1213 843 1252 vetus
859 1205 996 1253 liber
1014 1219 1157 1252 meus
1182 1204 1375 1254 Volusia
1398 1204 1581 1254 edunt.
1623 1206 1871 1254 Ceterum
1893 1205 2208 1254 Plutarchus
2224 1207 2275 1253 in
2295 1206 2574 1255 Coriolano
2591 1219 2714 1254 con-

501 1278 603 1325 tra,
652 1269 898 1319 Vetuarim
936 1284 1167 1331 uxorem,
1216 1269 1509 1319 Volumniam
1553 1279 1774 1320 matrem
1821 1269 1980 1318 fuisse
2024 1270 2132 1319 ait!
2168 1270 2354 1319 Schott.
2436 1274 2451 1299 ‘
2487 1272 2715 1321 Vetraria

501 1334 737 1398 Gramm.
776 1334 1001 1386 Veeturia
1020 1336 1167 1383 Leid.
1191 1338 1241 1383 2.
1263 1343 1319 1381 et
1343 1335 1525 1383 Haun-
1569 1336 1703 1384 Post
1731 1349 1824 1396 pro
1858 1335 2111 1385 Volumnia
2136 1336 2264 1391 legit
2292 1335 2540 1385 Volumina
2566 1337 2717 1385 Leia.

503 1403 551 1449 1.
587 1409 641 1448 et
663 1399 865 1449 Boend.
943 1399 1160 1449 Volumia
1185 1398 1330 1447 Leid.
1352 1404 1399 1447 2.
1439 1399 1596 1448 Fran.
1618 1409 1671 1449 et
1716 1400 1908 1449 Haunss
1940 1398 2117 1448 Arntz.
2181 1401 2308 1449 Mox
2342 1401 2583 1449 comitatis
2621 1415 2715 1462 pro

500 1466 726 1513 comitata
747 1464 846 1513 Ed.
866 1478 945 1526 pr.
968 1465 1171 1514 Schott.
1198 1464 1391 1512 Gaesb.
1418 1464 1614 1528 Delpb.
1655 1465 1834 1515 Pitisc.
1903 1465 2180 1513 Pulmanui
2218 1466 2558 1529 apographon
2586 1467 2717 1530 legit

500 1534 555 1590 rat
575 1531 817 1594 proditur,
841 1544 945 1588 non
964 1535 1019 1577 ut
1035 1531 1271 1592 proditor,
1299 1544 1398 1577 uon
1419 1528 1646 1594 improb.
1671 1531 1877 1579 Schott.

1509 1643 1724 1693 NOTAE

564 1728 587 1762 ¹¹
609 1731 990 1795 Adquartumab
1013 1732 1380 1797 Urbelapidem]
1400 1732 1583 1781 Immo,
1658 1734 1789 1782 Nam
1841 1732 2042 1798 antiqui
2097 1731 2344 1782 dicebant
2393 1733 2409 1760 ‘
2446 1732 2719 1782 Comito:'

500 1801 564 1855 a‘d
588 1808 861 1871 quintum;
894 1822 1010 1857 nam
1043 1809 1108 1858 ad
1134 1807 1303 1858 fossas
1334 1809 1572 1870 Cluilias,
1653 1809 1789 1857 unde
1831 1811 1846 1837 ‘
1875 1808 2209 1858 Comitatus.’
2286 1807 2431 1867 virg.
2485 1811 2500 1837 ‘
2538 1808 2719 1874 Atque

500 1885 729 1948 quinque
747 1885 812 1935 ab
830 1885 978 1935 Urbe
997 1886 1160 1936 millia
1179 1899 1439 1950 passuum,
1456 1899 1570 1935 cas·
1653 1901 1754 1936 uno
1784 1888 2020 1950 graditur
2047 1889 2326 1936 comitatus
2354 1885 2591 1935 Achate-⁸

502 1971 587 2009 tra
608 1962 802 2023 posuit.
841 1960 961 2011 Liv.
1714 1971 1740 1995 ⁰
1778 1964 1847 2013 Ut
1887 1965 2105 2028 proditor
2147 1964 2327 2013 occisus
2370 1962 2467 2025 est]
2517 1969 2531 1990 ‘
2561 1963 2719 2025 Apud

518 2099 522 2103 .
565 2033 582 2068 ¹
614 2037 782 2085 Nullis
800 2038 976 2087 civium
997 2039 1339 2102 legationibus]
1372 2037 1477 2085 Ter
1500 2037 1570 2084 le·
1654 2039 1903 2088 Fabium'
1956 2039 2285 2105 (Pictorem)
2331 2041 2347 2068 ‘
2380 2041 2530 2101 longe
2585 2041 2720 2088 anti·

500 2111 610 2174 gati
630 2113 789 2161 missi.
841 2115 1076 2163 Primum
1096 2121 1246 2164 atrox
1269 2129 1568 2177 responsum
1652 2117 1954 2180 quissimum
1986 2126 2282 2179 auctorem,
2323 2131 2486 2180 usque
2531 2114 2597 2165 ad
2640 2132 2721 2166 se-

499 2188 687 2238 tulere.
751 2190 950 2240 lterum
977 2192 1133 2240 iidem
1158 2189 1297 2241 missi
1323 2193 1373 2240 in
1399 2201 1572 2240 castra
1653 2201 1918 2241 nectutem
1961 2192 2154 2241 vixisse
2197 2192 2419 2242 eundem
2474 2193 2683 2241 invenio
2704 2207 2723 2242 z

502 2278 606 2313 non
631 2266 828 2328 recepti
853 2276 994 2315 sunt.
1047 2267 1356 2316 Sacerdotes
1380 2267 1572 2316 deinde
1654 2267 1821 2316 refert
1856 2276 2000 2318 certe
2038 2270 2170 2318 hanc
2204 2284 2344 2332 saepe
2383 2283 2500 2317 eum
2532 2276 2724 2318 exacta

501 2340 607 2387 suis
626 2341 910 2404 insignibus
927 2343 1083 2392 velati
1101 2343 1573 2406 nihilomagispro-
1654 2352 1818 2392 aetate
1857 2359 2130 2406 usurpasse
2169 2360 2380 2394 vocemt
2422 2345 2596 2394 Multo
2627 2345 2721 2394 mi·

499 2413 695 2465 fecere.
1626 2415 1816 2467 ‘serius
1838 2420 1947 2468 seni
1970 2421 2176 2467 exilium
2201 2420 2352 2469 esse.'
2385 2420 2576 2470 Livius.

509 2506 524 2516 ⁴
566 2499 604 2526 ¹¹²
645 2493 847 2544 Veturia
868 2500 1039 2559 matre,
1060 2503 1108 2544 et
1137 2495 1269 2560 Vah]
1289 2494 1439 2544 Idem
1459 2494 1574 2545 Liv.
1721 2502 1747 2536 Ρ
1779 2495 2008 2543 Fortuna·
2040 2495 2283 2557 vnuliebri]
2333 2494 2592 2546 Quoniam
2629 2509 2724 2560 per

505 2570 774 2620 Plutarch.
808 2572 1083 2621 Veturiam
1108 2587 1341 2634 uxorem,
1361 2572 1574 2619 Volum·
1657 2570 1898 2618 mulieres
1929 2571 2056 2619 illud
2088 2572 2420 2633 impetratum
2447 2569 2644 2636 fuerat,
2666 2578 2726 2622 ut

502 2646 640 2695 niam
664 2654 883 2696 matrem
908 2647 1056 2697 dicit.
1657 2647 1962 2696 Coriolanus
1985 2648 2252 2698 oninitteret
2275 2649 2484 2700 bellum.

580 2729 605 2755 ἢ
665 2722 907 2773 Comitata
974 2722 1267 2788 [comitatis]
1334 2720 1574 2771 Passive.

1381 3064 1596 3130 CAP.
1663 3062 1856 3131 XX.

1232 3201 1297 3248 o.
1350 3200 1701 3250 memma
1751 3203 2011 3248 srom.

510 3313 943 3368 Aaoumnnwu.
1009 3318 1196 3367 Fasces
1222 3319 1449 3368 lictorius
1472 3320 1663 3370 sororis
1686 3320 1858 3369 mariti
1892 3319 2097 3383 patricii
2121 3316 2318 3368 foribus
2341 3318 2612 3383 appositos
2637 3335 2727 3370 ex-

577 3400 833 3461 pavescit,
857 3407 913 3450 et
935 3413 963 3447 a
986 3413 1163 3447 sorore
1182 3399 1449 3463 irridetur,
1469 3400 1715 3451 Ambusti
1738 3401 1843 3451 filia
1866 3402 2052 3460 altera,
2075 3400 2276 3462 plebeio
2300 3408 2478 3462 nupta.
2548 3401 2726 3450 Plebis

580 3478 904 3527 tribunatum
939 3480 1242 3541 aggreditur
1262 3500 1278 3542 ;
1314 3495 1344 3530 a
1369 3481 1521 3545 plebe
1547 3482 1744 3545 primus
1767 3482 1942 3531 consul
1967 3480 2063 3542 fit3
2097 3481 2147 3529 in
2173 3480 2451 3545 judicium,
2475 3482 2598 3544 quia
2623 3483 2729 3546 ple·-

525 3616 528 3619 Δ
577 3558 727 3607 beius
762 3560 876 3621 plus
902 3561 1185 3623 quingenta
1220 3563 1332 3624 agri
1357 3562 1552 3628 jugera
1581 3562 1826 3625 habebat,
1856 3572 2094 3627 vocatur,
2126 3570 2183 3611 et
2217 3576 2312 3611 sua
2345 3563 2464 3626 lege
2500 3565 2692 3626 punita

579 3639 641 3689 C.
668 3639 902 3689 Licinius
930 3640 1096 3690 Stolo.

525 3764 532 3839 ᾗ
604 3753 669 3817 1.
702 3751 996 3849 ΡᾼΒιυε
1029 3752 1493 3820 Amnum-115⁸
1528 3776 1618 3820 ex
1647 3755 1912 3821 duabus
1941 3757 2215 3823 filiabus
2243 3758 2522 3824 alteram
2547 3758 2726 3824 Lici·-

1444 3904 1530 3924 Μ
1531 3903 1807 3924 ΟΟΟΟΟΟΟ

513 3966 525 3986 “
573 3983 835 4034 *cia-xx.
856 3989 880 4033 1
903 3984 1121 4034 ‘Duabus
1126 3986 1257 4051 filiis
1278 3986 1397 4036 And.
1421 3977 1624 4052 Gryph.
1643 3992 1743 4039 ὅτε.
1764 3998 1822 4038 ut
1846 3989 2027 4039 Gram.
2045 3988 2160 4039 cod.
2183 3996 2299 4039 cum
2316 3986 2477 4039 Fran.
2491 3989 2646 4041 Voss.
2664 3989 2728 4041 de

1518 4103 1733 4153 No'rAE

529 4220 534 4225 ·
584 4197 607 4223 ¹
641 4189 821 4239 Fabius
839 4152 1121 4253 Ambustus]
1159 4190 1439 4240 M.Fabins
1460 4191 1582 4242 Am·
1665 4192 1938 4248 cebantur,
1975 4193 2062 4257 qui
2099 4192 2310 4255 fulgure
2345 4196 2598 4258 contacti,
2628 4211 2732 4246 uec

521 4267 723 4318 bustus.
794 4265 1039 4317 Ambusti
1068 4275 1242 4316 autem
1274 4269 1485 4332 proprie
1507 4270 1584 4319 di·
1666 4271 1934 4322 interfecti
1958 4271 2197 4332 fuerant3
2227 4280 2290 4321 ut
2313 4272 2402 4322 bic
2424 4273 2501 4323 M.
2525 4274 2735 4340 Fabius,
