3023 4942
1067 407 1433 456 HAnnnsu
1479 406 1905 459 PRAEFATIO.
2529 392 2576 456 9

380 558 652 622 definite
681 556 1100 620 indicantur:
1146 554 1561 619 Arntzenius
1605 553 1755 637 ipse
1798 553 2034 631 multa,
2066 573 2219 637 quae
2273 572 2363 622 ex
2402 555 2575 618 anti·

378 662 630 745 quitate
663 665 784 723 aut
810 658 1089 723 historia
1115 658 1366 723 rectius
1391 657 1743 740 explanari
1773 657 2159 733 debuerunt,
2183 656 2370 721 sicco
2402 657 2575 739 pede

377 764 652 842 transit3
699 767 939 826 contra
958 762 1027 825 in
1058 761 1235 838 aliis,
1285 780 1474 844 saepe
1526 760 1889 824 levioribus
1936 766 2057 823 aut
2106 759 2573 825 minutioribus

378 866 578 930 rebus
601 865 761 928 loca
787 869 1083 927 veterum
1113 867 1230 927 aut
1259 864 1625 927 sententias
1642 862 2038 946 judiciaque
2069 863 2345 927 aliorum
2375 863 2576 927 nimis

380 967 700 1041 cumulat,
729 970 798 1029 et
825 973 1073 1048 praeter
1095 984 1232 1029 rem
1263 973 1369 1027 est
1398 965 1744 1049 copiosus·

465 1068 907 1135 Grunerianae
935 1068 1243 1133 editionis
1270 1069 1419 1133 haec
1448 1073 1555 1132 est
1575 1068 1929 1151 inscriptio
1950 1072 2078 1132 :—‘
2105 1068 2291 1131 Sexti
2317 1066 2576 1132 Aurelii

379 1172 678 1237 Victoris
705 1171 1010 1235 Historia
1030 1170 1348 1235 Romana
1372 1190 1460 1234 ex
1484 1171 1871 1235 recensione
1894 1175 1959 1233 et
1983 1189 2135 1234 cum
2161 1169 2576 1234 animadver-

379 1275 686 1340 sionibus
710 1274 961 1338 criticis
979 1278 1179 1358 atque
1200 1273 1540 1339 historicis
1558 1273 1603 1338 J
1608 1294 1673 1337 o.
1695 1273 1877 1337 Frid.
1891 1272 2195 1338 Gruneri.
2258 1259 2575 1352 Coburgi,

379 1397 440 1441 a.
457 1375 751 1442 1757-8.’
827 1375 1173 1443 Grunerus
1204 1372 1540 1454 omnibus,
1561 1395 1717 1459 quae
1751 1365 2143 1440 adhibuerat
2164 1373 2574 1455 dederatque

376 1478 807 1558 AmtzeniuS,
825 1479 1170 1556 subsidiiS,
1190 1484 1427 1563 praeter
1444 1498 1527 1543 ea
1542 1478 1952 1543 lectionibus
1963 1477 2250 1542 'duorum
2270 1475 2578 1541 codicum

380 1581 1057 1666 Guelferbytanorum
1097 1582 1339 1666 suique
1381 1583 1623 1666 ipsiuS,
1651 1585 1854 1665 (quos
1899 1582 1971 1646 in
2012 1580 2412 1664 praefatione
2453 1599 2579 1646 sua

378 1684 699 1749 describit
726 1685 1142 1768 laudatque,)
1164 1685 1611 1767 intelligenter
1634 1673 1823 1761 usuS,
1851 1683 2204 1767 permultis
2228 1682 2403 1748 locis
2440 1702 2579 1746 me·

375 1788 617 1852 liorem
642 1788 977 1853 medelam
1021 1795 1139 1853 aut
1179 1809 1271 1853 ex
1306 1789 1589 1855 historia
1635 1788 1917 1871 antiqua
1961 1786 2313 1852 clariorem
2356 1787 2579 1852 lucem

381 1892 649 1958 attulit:
694 1911 949 1955 errores
977 1890 1279 1960 Victoris
1307 1891 1733 1973 investigavit
1763 1889 2171 1972 diligentinS,
2205 1894 2406 1971 atque
2435 1907 2578 1953 cor-

379 1995 556 2059 rexit
586 1994 827 2059 scitius
864 1994 1271 2077 uberiusque
1302 2014 1503 2079 quam
1533 1994 1934 2059 Arntzenius
1975 1993 2225 2075 aliique
2268 1992 2578 2074 interpre-

380 2104 488 2159 tes
507 2097 830 2161 fecerant:
867 2105 941 2160 at
970 2097 1484 2180 profectioribus
1503 2105 1574 2161 et
1592 2096 1870 2162 eruditis
1893 2097 2144 2178 potius,
2168 2114 2369 2178 quam
2381 2093 2580 2178 juve-

378 2198 603 2272 nibus,
635 2217 762 2262 nec
793 2204 1113 2263 accurata
1140 2219 1355 2263 rerum
1382 2200 1873 2282 verborumque
1907 2197 2290 2279 cognitione
2333 2197 2580 2274 tinctis,

379 2319 580 2383 opem
612 2301 782 2366 tulit.
871 2300 1039 2383 Ipse
1070 2302 1137 2365 in
1171 2300 1573 2384 praefatione
1619 2301 1716 2364 ita
1760 2300 1845 2363 de
1878 2319 2002 2364 sua
2031 2318 2239 2381 opera
2268 2298 2579 2364 disserit:

378 2409 400 2440 ⁴
424 2402 804 2468 Historiam
833 2403 1058 2487 ipsam
1092 2403 1683 2468 observationibus
1715 2402 1889 2467 varii
1939 2402 2199 2483 generis
2244 2400 2581 2465 illustrare

377 2506 634 2570 studui.
710 2506 941 2586 Quam
973 2507 1243 2591 quidem
1272 2508 1688 2590 diligentiam
1723 2526 1808 2571 eo
1838 2508 2055 2588 magis
2100 2491 2580 2583 necessariam,

378 2608 884 2691 lectoribusque
914 2616 1164 2691 gratam
1196 2610 1338 2673 sore
1371 2616 1555 2674 ratus
1606 2629 1779 2687 sum,
1815 2610 1996 2692 quod
2034 2605 2158 2673 iios
2191 2607 2581 2691 scriptores,

378 2729 557 2793 quos
601 2712 1005 2795 eloquentiae
1037 2732 1169 2776 non
1201 2712 1373 2776 adeo
1413 2731 1725 2793 magnam
1776 2711 2049 2774 laudem
2081 2711 2330 2774 merere
2357 2710 2583 2791 negari

378 2815 637 2897 nequit,
681 2834 812 2877 non
842 2822 983 2912 tarn
1031 2815 1413 2881 Latinitatis
1456 2833 1692 2892 causa,
1724 2833 1929 2898 quam
1976 2817 2248 2895 propter
2273 2831 2378 2876 res
2405 2829 2582 2895 quas

379 2922 671 2994 narrant,
693 2917 827 2999 legi
850 2920 1303 2981 memineram.
1357 2916 1609 3000 ltaque
1641 2915 1712 2979 id
1736 2915 2063 3003 agendum
2094 2915 2256 2978 mihi
2280 2914 2582 2998 inprimis

378 3020 639 3100 putavi,
669 3021 991 3083 ut.minus
1020 3019 1366 3101 diligenter
1393 3020 1479 3083 ab
1509 3019 1597 3082 iis
1625 3027 1894 3082 narrata
1935 3017 2311 3094 emendare,
2341 3018 2580 3081 obscu-

380 3120 517 3183 rius
548 3128 768 3185 autem
797 3124 1008 3187 relata
1028 3122 1371 3187 declarare
1414 3121 2120 3185 animadversionibus
2150 3120 2322 3184 meis
2353 3118 2584 3182 stude-

376 3223 563 3286 rem?
651 3223 896 3290 Critice
930 3232 1181 3289 tantum
1229 3231 1433 3309 atque
1483 3224 1804 3288 historice
1857 3223 2174 3288 tractavit
2216 3228 2580 3287 auctorem.

381 3324 630 3409 Neque
664 3333 887 3390 tamen
917 3327 1072 3391 aliis
1117 3327 1387 3409 reliquit
1439 3346 1685 3415 pauca,
1726 3345 1880 3409 quae
1927 3326 2165 3389 melius
2197 3323 2586 3405 corrigenda

381 3435 503 3490 aut
531 3429 781 3492 rectius
825 3429 1255 3512 explananda
1304 3429 1710 3494 viderentur.
1799 3427 2154 3510 Equidem,
2188 3426 2310 3511 qui
2361 3445 2579 3509 neque

378 3532 920 3620 commentarium
944 3532 1344 3597 uberrimum
1374 3531 1730 3608 conficere,
1758 3530 1979 3614 neque
2010 3549 2253 3594 novam
2284 3529 2441 3593 dare
2481 3547 2582 3592 re·-

379 3633 766 3696 censionem
789 3634 1178 3712 voluissem,
1207 3654 1291 3698 ea
1323 3642 1601 3708 tantum,
1643 3652 1800 3717 quae
1827 3632 2169 3714 magistris
2186 3631 2584 3715 juvenibus-

380 3753 512 3817 que
541 3735 894 3800 videantur
919 3737 1093 3802 scitu
1127 3737 1318 3801 utilia
1345 3742 1413 3801 et
1465 3735 1552 3799 ad
1597 3733 2165 3817 interpretandum
2214 3731 2584 3813 intelligen*

378 3835 673 3919 dumque
693 3837 1045 3902 Victorem
1066 3837 1469 3911 necessaria,
1494 3842 1957 3914 annotaturuS,
1989 3844 2193 3919 atque
2223 3834 2579 3900 editionem

377 3940 742 4004 admodum
766 3941 1159 4025 parabilem¹
1188 3943 1567 4024 paraturus,
1601 3942 1696 4004 ita
1745 3940 1813 4004 in
1862 3940 1995 4004 hoc
2034 3957 2240 4024 opere
2270 3944 2581 4024 versatus
2624 3921 2637 3938 ‘

380 4061 556 4121 sum,
585 4050 656 4110 ut
698 4052 1088 4108 contextum
1135 4064 1179 4109 a
1225 4043 1560 4121 Grunero,
1603 4040 2034 4107 Arntzenium
2084 4048 2164 4104 ut
2223 4039 2610 4122 plurimum.

379 4154 644 4226 secuto,
676 4147 1114 4213 constitutum
1144 4155 1683 4230 correctumque,
1737 4146 1826 4212 ab
1871 4142 2096 4231 operis
2144 4141 2582 4227 repetendum
