3023 4942
732 391 830 437 DE
879 387 1083 438 vuus
1132 384 1646 437 tnnuswmnus
1691 384 1857 435 cAP.
1902 383 2121 433 xnvi.
2397 364 2527 432 161

1156 632 1368 698 cAP.
1416 614 1694 699 X'LVI.

891 768 1258 830 CLAUDIA,
1307 769 1542 815 VlRGO
1593 768 1984 817 VESTALIS.

326 893 749 947 Ausonum-um.
815 896 1044 945 Matrem
1068 895 1234 944 Deum
1258 895 1546 957 repentem
1568 894 1674 943 alto
1694 901 1916 943 stantem
1942 908 2069 942 zona
2096 892 2337 956 imposita
2358 894 2535 941 movet

743 977 976 1025 incestus
1000 975 1132 1025 falso
1156 984 1400 1038 sinapecta
1422 975 1646 1025 Claudia
1668 976 1813 1038 virgo
1837 975 2087 1025 Vestalis.

411 1109 471 1170 1.
522 1108 1000 1172 HANNIBALE
1045 1107 1317 1171 ltaliam
1348 1107 1771 1183 devastante,
1820 1126 1911 1170 ex
1951 1125 2282 1188 responso
2328 1104 2538 1167 libro-

325 1230 469 1272 rum
517 1209 1042 1293 Sibyllinorum⁸
1094 1209 1317 1274 Mater
1346 1207 1574 1273 Deum
1618 1229 1660 1274 a
1710 1205 2153 1272 Pessinunteb
2182 1207 2534 1283 arcessita,

327 1330 479 1374 cum
525 1311 808 1375 adverso
840 1312 1065 1376 Tiberi
1112 1311 1477 1388 veheretur,
1528 1318 1805 1393 repente
1851 1309 1921 1373 in
1969 1310 2106 1373 alto
2155 1308 2424 1372 stetitz⁰
2471 1312 2539 1370 et

328 1432 478 1476 cum
506 1412 759 1476 moveri
797 1413 1003 1502 nullis
1036 1413 1294 1477 viribus
1326 1418 1578 1496 posset,
1603 1432 1689 1476 ex
1719 1411 1954 1475 librisd
1986 1413 2352 1493 cognitum,
2383 1431 2538 1474 cas-

329 1515 612 1579 tissimae
665 1513 933 1578 demum
991 1514 1289 1579 foeminae
1347 1534 1550 1578 manu
1605 1515 1856 1578 moveri
1913 1534 2140 1599 posse.
2249 1513 2314 1577 2.
2359 1512 2540 1575 Tum

328 1612 667 1690 Claudia,e
698 1617 883 1697 virgo
914 1614 1236 1691 VestaliS,
1269 1615 1442 1679 falso
1475 1617 1714 1679 incesti
1745 1610 2117 1698 suspecta,f
2140 1613 2363 1678 Deam
2393 1632 2541 1678 ora-

327 1719 445 1791 vit,
479 1722 573 1793 ut,
605 1718 663 1781 si
695 1718 1008 1801 pudicam
1042 1719 1271 1795 sciret,
1305 1725 1726 1801 sequeretur;
1768 1727 1841 1782 et
1871 1736 2040 1782 zona
2069 1716 2394 1800 imposita
2423 1736 2542 1779 na·

329 1837 478 1882 vem
530 1819 767 1895 movit,
816 1816 1248 1883 simulacrum
1284 1818 1524 1882 Matris
1554 1819 1774 1883 Deum
1825 1819 2137 1883 abduxit.
2229 1820 2292 1882 3.
2337 1817 2545 1882 Tem-

327 1919 518 2004 plum
551 1919 918 1986 aedificavit
948 1920 1262 2001 Nasica‚⁸
1281 1921 1406 2009 ‘qui
1440 1920 1542 1984 vir
1572 1921 1869 2005 optimus
1905 1921 2365 2004 judicabatur.

1250 2085 1491 2107 “0000“
1498 2087 1619 2107 0000

397 2180 536 2231 cn.
560 2197 712 2234 xnvt.
803 2190 830 2234 1
873 2185 1039 2234 Matre
1075 2184 1174 2234 Ed.
1216 2180 1385 2249 pr.'et
1409 2187 1546 2235 aliae.
1611 2187 1746 2235 Tum
1781 2201 1808 2236 e
1845 2186 2135 2236 Pessinunte
2167 2183 2266 2233 Ed.
2305 2199 2384 2247 pr.
2421 2183 2545 2232 ΑΜ.

329 2247 535 2297 Sebott.
557 2250 625 2299 G.
649 2249 713 2296 D.
732 2250 795 2298 P.
821 2250 968 2299 Leid.
1001 2256 1045 2299 l.
1071 2251 1307 2300 Gramm.
1337 2251 1516 2300 Haun.
1571 2266 1634 2300 ex
1657 2253 1847 2300 Pessin.
1874 2252 2032 2300 Fran.
2089 2265 2118 2298 a
2141 2250 2326 2297 Pessin.
2343 2249 2543 2297 Boeud.

333 2312 454 2361 edd.
476 2314 610 2362 Ven.
644 2322 699 2362 et
729 2316 912 2363 Maeli.
982 2316 1417 2373 Praevositionem
1456 2317 1661 2378 ignorat
1699 2315 1846 2365 Leid.
1884 2321 1933 2364 2.
2002 2315 2275 2364 Proeterea
2314 2315 2547 2362 accersita

332 2377 434 2433 Ed.
484 2392 563 2440 pr.
603 2378 726 2426 And.
778 2379 1045 2429 Adversum
1090 2381 1296 2429 Tiberim
1341 2381 1576 2429 Gramm.
1644 2380 1707 2429 In
1744 2383 1874 2429 alueo
1908 2380 2048 2429 stetit
2090 2379 2212 2427 libri
2257 2378 2445 2439 scripti
2492 2383 2549 2426 et

334 2442 560 2508 Agripp.
629 2444 757 2494 Mox
793 2446 1035 2506 cognitum
1058 2451 1132 2495 est
1153 2447 1252 2509 Ed.
1277 2460 1356 2506 ρι’.
1379 2443 1605 2494 Aut-2
1645 2445 1797 2502 Quom
1825 2446 2012 2495 claudia
2045 2442 2144 2494 Ed.
2170 2458 2250 2507 pr.
2314 2444 2444 2492 Tum
2482 2442 2550 2491 In

330 2514 490 2561 centus
511 2523 640 2571 susp.
664 2510 872 2558 Schott.
908 2511 977 2559 G.
1003 2512 1073 2558 D.
1101 2510 1164 2558 P.
1228 2514 1243 2539 ⁴
1264 2511 1452 2559 Inceste
1483 2511 1628 2560 Leid.
1654 2515 1701 2560 1.
1735 2511 1941 2560 incestui
1972 2512 2128 2560 Fran.
2169 2510 2333 2559 ceteri
2358 2508 2550 2568 incesti,

333 2574 478 2623 etsie
501 2575 707 2623 Veneta
723 2575 806 2624 ed.
826 2578 1060 2637 quamvis
1080 2575 1285 2625 incestus
1309 2576 1485 2624 Maeli.
1515 2578 1701 2628 incestu
1724 2574 1888 2624 Aldus
1910 2584 1964 2624 et
1981 2573 2069 2638 qui
2086 2590 2204 2625 eum
2227 2582 2547 2637 sequantui-t

334 2637 475 2701 quod
501 2639 711 2687 videtur
745 2639 900 2687 malle
935 2641 1221 2689 Burmann.
1244 2640 1308 2687 ad
1345 2642 1479 2690 Vell.
1506 2643 1721 2691 Patere.
1748 2654 1808 2691 ιι.
1829 2646 1910 2690 35.
1935 2642 1962 2704 ξ
1988 2646 2036 2691 3.
2061 2640 2150 2688 sed
2176 2654 2291 2688 cum
2325 2640 2422 2687 hoc
2447 2651 2549 2685 non

333 2702 617 2755 admittant
642 2703 845 2767 scripti,
868 2706 1023 2753 malui
1062 2706 1235 2754 incesti
1267 2707 1599 2767 exprimet-e?
1632 2709 1803 2755 Arntz.
1868 2708 2006 2754 Clam
2033 2720 2126 2768 pro
2150 2706 2305 2754 Deam
2332 2702 2476 2752 Leid.
2502 2707 2551 2753 1.

332 2767 467 2816 Mox
493 2769 578 2816 alii
603 2770 784 2830 legunt
806 2773 854 2818 et
873 2770 1095 2832 pudicum
1115 2785 1166 2817 ne
1186 2771 1347 2829 sciret,
1363 2774 1750 2833 sequentum—8
1786 2770 1961 2818 Movit.
1986 2770 2158 2820 Simul.
2177 2770 2257 2819 M.
2278 2769 2349 2817 D.
2371 2769 2551 2816 advex-

334 2831 394 2890 it,
417 2834 640 2894 templum
664 2834 761 2882 Ed.
786 2848 865 2895 pr.
890 2834 1010 2883 Ald.
1090 2835 1266 2883 Movit.
1292 2835 1465 2884 Simul.
1492 2837 1569 2884 M.
1599 2836 1668 2883 D.
1690 2835 1916 2894 adduxit,
1954 2837 2176 2897 temptum
2203 2832 2338 2892 oedif.
2362 2832 2549 2882 Arntz.

334 2898 538 2946 adduxit
564 2900 721 2947 etiam
748 2899 869 2961 Bip.
916 2898 1059 2947 movit
1074 2916 1090 2947 .·
1124 2900 1429 2948 simulacrum
1453 2901 1533 2948 M.
1557 2900 1627 2950 D.
1646 2902 1758 2948 dum
1780 2901 2007 2963 temptum
2026 2899 2313 2964 (edificatur,
2340 2898 2551 2951 Nasicae,

336 2962 420 3025 qui
440 2962 519 3010 vir
544 2963 751 3026 optimus
774 2962 1107 3027 Judicubatur,
1128 2964 1263 3028 quusi
1284 2965 1462 3028 hospiti
1483 2967 1649 3014 datum
1673 2964 1877 3015 Schott.
1905 2965 2099 3015 Gaesb.
2124 2964 2318 3028 Delph.
2355 2962 2549 3013 Pitisc.

1281 3086 1296 3103 “
1332 3093 1557 3144 NOTAE

402 3195 427 3221 ²
459 3189 717 3238 Libfiorum
735 3188 934 3252 Sibyla]
961 3191 1040 3239 De
1054 3189 1115 3240 iis
1132 3189 1268 3253 apud
1289 3190 1407 3239 Flo·
1544 3189 1569 3223 ‘¹
1604 3191 1689 3239 Ex
1715 3189 1878 3253 liba-io]
1914 3191 2256 3252 Simpliciter,
2279 3203 2373 3253 pro
2407 3188 2551 3238 libris

339 3279 471 3325 rum,
493 3280 612 3328 quae
639 3263 755 3313 vide
778 3279 845 3313 ne
868 3275 1042 3315 actum
1068 3281 1237 3329 agam.
1303 3267 1407 3315 Re·
1480 3267 1767 3331 Sibyllinis,
1791 3269 1864 3317 ita
1890 3284 2032 3330 saepe
2056 3269 2251 3317 Livius.

341 3348 546 3402 pen-tum
564 3338 663 3388 fuit
679 3340 731 3389 in
748 3340 808 3389 iis
825 3341 923 3389 hoc
944 3355 1182 3391 carmen:
1206 3348 1221 3369 ‘
1235 3342 1408 3391 Quan-

339 3419 508 3481 doque
540 3416 703 3466 hostis
738 3418 1029 3482 alienigena
1052 3424 1206 3467 terrae
1235 3419 1408 3467 Italiae

339 3495 531 3544 bellum
552 3495 828 3555 intulisset,
846 3510 962 3543 eum
984 3496 1106 3558 pelli
1125 3496 1281 3544 Italia
1300 3496 1407 3545 vin·

338 3572 490 3634 cique
528 3571 774 3633 possessi
808 3579 978 3620 mater
1015 3571 1141 3620 Idea
1174 3588 1204 3620 a
1232 3572 1408 3623 Pessi-

339 3654 500 3696 nunte
523 3646 741 3695 Romam
765 3646 990 3696 advecta
1009 3646 1186 3697 foret.’

404 3722 429 3756 ¹²
462 3723 770 3785 Pessinunte]
808 3724 1049 3788 Phrygiae
1067 3725 1275 3786 oppido.

401 3808 424 3834 ο
458 3799 521 3848 Iu
554 3801 652 3848 ulto
678 3800 841 3863 stetit]
875 3801 938 3849 In
972 3803 1096 3857 alto,
1120 3803 1184 3850 ad
1216 3816 1407 3865 augen-

339 3876 464 3926 dum
482 3877 804 3937 miraculum,
823 3891 938 3927 nam
962 3879 1089 3926 mira
1113 3892 1196 3927 res
1221 3888 1301 3928 est
1319 3893 1409 3927 na-

340 3970 458 4025 yem
494 3954 547 4003 iu
583 3956 711 4017 alto,
741 3955 888 4017 quasi
924 3957 976 4004 in
1013 3955 1163 4012 vado,
1191 3957 1408 4006 haerere.

342 4029 502 4081 Ovid.
544 4039 719 4079 tamen
748 4030 895 4079 Fut.
935 4044 1013 4082 tv.
1055 4031 1237 4081 limoso
1277 4031 1410 4081 vado

346 4120 576 4171 pressam
601 4106 761 4156 dicit:
793 4108 809 4135 ‘
834 4107 984 4156 Sicca
1007 4108 1094 4156 diu
1119 4107 1288 4158 fueret
1319 4109 1428 4157 tel·‘

341 4183 454 4230 lus:
489 4182 604 4230 sitis
626 4189 824 4231 usserat
842 4183 1058 4234 herbas:
1093 4183 1244 4234 Sedit
1268 4184 1412 4234 limo-

347 4272 405 4308 so
429 4272 608 4322 prena
631 4259 805 4308 carina
829 4258 1000 4310 vado.’

472 4338 650 4404 Delph.
671 4346 719 4390 et
745 4340 860 4393 Ver.
885 4343 1015 4392 Clas.

1488 3352 1502 3371 ·
1546 3351 1568 3376 e
1608 3344 1833 3406 Claudia]
1854 3346 1870 3373 ‘
1888 3345 2155 3393 Claudiam
2177 3343 2448 3396 Quintam’
2466 3357 2552 3392 vo-

1482 3430 1604 3469 cant
1630 3422 1804 3470 Cicer.
1828 3420 1987 3470 ovid.
2011 3421 2128 3471 Liv.
2150 3424 2250 3470 διο.
2306 3420 2427 3483 Ejus
2445 3428 2552 3468 sta·

1480 3501 1567 3547 tua
1590 3495 1643 3543 iu
1668 3496 1924 3546 vestibulo
1951 3497 2135 3558 templi
2162 3497 2342 3545 matris
2381 3494 2550 3545 Deum

1481 3573 1681 3634 posita3
1706 3573 1783 3621 bis
1800 3587 1865 3622 ea
1879 3574 1991 3622 aede
2007 3573 2245 3622 incendio
2260 3577 2552 3634 consumta,

1479 3648 1534 3696 in
1558 3662 1650 3697 sua
1675 3649 1786 3698 basi
1807 3647 2025 3698 flammis
2048 3650 2245 3697 intacta
2271 3649 2441 3697 stetit.

1548 3721 1568 3756 t
1604 3725 1751 3774 Falso
1798 3725 1968 3774 incesti
2008 3724 2261 3788 [incestus]
2307 3724 2550 3787 suspectu]

1481 3798 1639 3848 ovid.
1674 3806 1689 3829 ⁸
1715 3800 1937 3849 Claudia
1960 3801 2155 3851 Quinta
2177 3816 2337 3861 genus
2361 3802 2551 3851 Clauso

1480 3873 1746 3926 referebat
1769 3877 1834 3926 ab
1857 3876 2020 3926 Atta=
2060 3878 2179 3928 Nec
2199 3876 2361 3927 facies
2383 3877 2554 3940 impar

1480 3951 1754 4002 nobilitate
1791 3950 1911 4004 fuit.
1979 3953 2141 4002 Casta
2191 3953 2417 4017 quidem,
2457 3951 2552 4000 sed

1481 4045 1581 4078 non
1604 4040 1660 4080 et
1685 4032 1915 4081 credita:
1939 4045 2115 4082 rumor
2143 4032 2349 4097 iniquus
2380 4033 2552 4081 Laese·

1488 4116 1599 4170 rut,
1621 4108 1800 4158 etfalsi
1842 4108 2070 4158 criminis
2099 4116 2218 4158 acta
2241 4124 2330 4157 rea
2353 4107 2471 4156 est!

1550 4194 1577 4230 ε
1615 4186 1855 4249 Templum
1884 4185 2144 4249 <edificavit
2174 4185 2355 4233 Nasica
2388 4182 2554 4245 [Dum

1484 4265 1709 4324 templum
1750 4260 2042 4326 edificatur]
2099 4259 2252 4313 Quod
2291 4275 2322 4308 e
2346 4257 2552 4308 ·funda·

1305 4343 1474 4393 Aurel.
1497 4343 1624 4396 Vici.
2379 4340 2424 4389 L
