3023 4942
878 396 974 444 ne
1022 393 1270 442 snx'ro
1318 394 1663 443 Annulo
1712 392 2070 442 v1c'ronss.
2467 376 2561 455 25

351 539 600 624 cap.-8.
631 546 702 603 et
743 537 1097 603 Macrobio
1140 537 1403 621 praefat.
1457 537 1729 602 Saturn.
1773 537 2141 603 Plutarcho
2186 537 2254 601 in
2300 536 2561 602 Catone

354 645 452 708 M.
483 643 810 709 Catonem
843 640 1026 723 juste
1069 640 1158 706 A.
1196 641 1517 705 Albinum
1561 641 2083 722 reprehendisse,
2129 640 2311 723 quod
2356 639 2560 704 homo

353 745 708 810 Romanus
738 742 984 807 Graeca
1012 738 1442 808 orationeres
1466 737 1696 823 gestas
1720 741 2169 806 Romanorum
2194 762 2348 806 cum
2377 761 2564 805 com-

353 852 649 932 poneret,
688 846 967 911 .veniam
1019 854 1177 910 ante
1214 845 1586 929 imperitiae
1645 845 1966 929 praesatus
2023 853 2222 910 esset.
2334 844 2566 909 Porcii

354 951 624 1034 quidem
676 948 957 1014 Catonis
1010 956 1231 1012 noster
1270 949 1613 1028 meminit3
1660 948 1743 1012 de
1794 946 2048 1012 Albino
2096 966 2256 1014 vero
2291 949 2566 1025 verbum

355 1053 659 1116 nullum„
725 1050 925 1117 Unde
956 1051 1357 1133 relinquitur
1374 1050 1524 1115 falli
1547 1070 1664 1114 eos
1687 1050 1810 1135 qui
1833 1050 2095 1133 Nepoti
2124 1049 2301 1114 hunc
2329 1049 2568 1114 foetum

360 1155 749 1218 attribuunt.
839 1153 1054 1217 Porro
1087 1154 1174 1218 ad
1205 1154 1456 1238 stylum
1488 1153 1671 1236 quod
1703 1156 1969 1230 attinet,
2003 1152 2259 1235 Nepoti
2291 1153 2350 1215 is
2380 1151 2567 1234 abju-

359 1257 564 1333 dicat,
614 1255 799 1339 quod
850 1256 1147 1321 illustres
1184 1255 1372 1321 ,viros
1415 1255 1766 1338 copiosius
1820 1254 2182 1338 scripsisse
2227 1252 2568 1336 Nepotem

361 1367 767 1444 apparetex
809 1358 895 1422 Τ.
927 1359 1288 1440 Pomponii
1319 1356 1534 1423 Attici
1566 1359 1731 1436 vita,
1764 1362 1833 1421 et
1862 1356 1964 1421 Μ.
1999 1357 2228 1421 Porcii
2257 1354 2598 1435 CatoniS,
2636 1395 2641 1402 ·

362 1482 516 1546 quae
548 1461 906 1525 dumtaxat
937 1462 1026 1524 ab
1073 1460 1314 1543 injuria
1344 1460 1664 1543 temporis
1695 1460 1972 1542 reliquae
2001 1466 2175 1522 sunt.
2265 1455 2470 1536 Quod
2500 1468 2573 1524 et

361 1564 558 1640 libro,
592 1563 651 1626 si
683 1563 883 1626 modo
915 1563 1262 1639 illiusest,
1286 1562 1370 1626 de
1399 1561 1570 1645 Vita
1599 1560 2088 1626 Excellentium
2119 1561 2257 1639 (vel
2286 1569 2365 1645 ut
2396 1561 2571 1626 Mss.

362 1667 640 1750 quidam
671 1665 927 1748 legunt,
964 1663 1416 1749 Externorum)
1446 1664 1672 1748 Impp.
1697 1664 1975 1747 probari
2008 1671 2269 1747 posset.
2315 1663 2575 1727 Noster

364 1788 524 1832 vero
573 1768 671 1831 ita
701 1769 1012 1831 concisus
1042 1774 1286 1831 auctor
1326 1774 1453 1851 est,
1498 1775 1577 1831 ut
1619 1766 1863 1848 Elogia
1907 1760 2143 1849 'potius
2178 1765 2574 1841 Illustrium,

364 1890 570 1953 quam
590 1871 783 1934 vitas
815 1870 1173 1952 scripsisse
1201 1869 1547 1935 videatur:
1581 1869 1832 1954 ‚qualia
1879 1869 2183 1932 versibus
2240 1868 2577 1951 quaternis

367 1971 668 2037 Atticum
699 1972 1124 2036 contexuisse
1152 1972 1490 2035 testisest
1516 1971 1756 2054 Nepos
1779 1971 1953 2054 ipse,
1983 1976 2049 2034 et
2077 1968 2366 2034 Plinius.
2413 1968 2580 2037 Plu..-

365 2093 442 2137 ra
492 2082 881 2157 argumenta
919 2092 1004 2137 ex
1055 2073 1441 2153 fragmentis
1487 2075 1738 2137 nostris
1791 2072 2195 2156 Nepotianis
2236 2072 2578 2153 ingenioso

367 2176 612 2259 cuique
643 2166 845 2241 facile
891 2176 1468 2261 suppeditabunt:
1495 2177 1637 2239 ,sed
1685 2176 1835 2240 haec
1880 2174 2168 2253 facient,
2204 2175 2336 2237 nisi
2384 2175 2577 2238 vehe-

367 2284 616 2342 menter
644 2278 866 2354 fallor,
899 2279 1073 2342 satis
1096 2278 1191 2354 ei,
1224 2279 1340 2361 qui
1368 2298 1499 2343 non
1528 2279 2145 2361 omninopertinax
2170 2276 2326 2340 falsi
2358 2283 2579 2359 patro-

366 2400 496 2451 nus
528 2379 976 2463 defensorque
1006 2400 1156 2445 esse
1175 2380 1486 2443 voluerit.

461 2483 667 2570 Nunc
700 2484 945 2548 ,ordine
994 2483 1078 2556 de
1136 2483 1359 2550 Plinio
1405 2481 1675 2564 Nepote
1718 2479 2094 2556 videamuS‚
2123 2499 2166 2544 a
2195 2496 2332 2562 quo
2359 2478 2583 2560 etiam

370 2587 519 2650 haec
550 2584 954 2656 removenda
994 2584 1246 2666 injuria
1287 2592 1414 2663 est,
1443 2604 1546 2648 .ne
1571 2591 1829 2648 fauctor
1870 2584 2017 2666 ejus
2061 2602 2211 2646 esse
2253 2582 2585 2660 videatur,

373 2708 598 2770 quem,
652 2688 712 2750 si
763 2688 1147 2762 reviviscat,
1208 2707 1332 2769 pro
1380 2706 1505 2751 suo
1551 2704 1936 2767 agnoscere,
1985 2692 2099 2749 sat
2138 2686 2312 2762 scio,
2358 2684 2584 2750 nollet.

375 2790 440 2856 N
447 2810 535 2853 on
565 2790 743 2854 enim
773 2789 955 2853 cadit
1001 2789 1068 2852 in
1114 2796 1255 2856 tam
1300 2788 1690 2853 foecundum
1730 2787 2089 2867 ingenium,
2120 2794 2255 2850 tam
2287 2786 2588 2864 exile‚.et

374 2892 732 2976 plusquam
764 2891 1103 2955 sordidum
1136 2890 1409 2956 aliunde
1453 2888 1804 2954 mutuandi
1836 2888 2151 2953 studium.
2238 2887 2475 2953 Verba
2503 2889 2589 2952 il-

376 2994 509 3058 lius
559 2995 892 3058 ascribere
940 3013 1076 3057 non
1107 2994 1369 3076 pigebit
1397 3012 1485 3055 ex
1519 2992 1812 3074 epistola
1838 2992 1945 3055 20.
1976 2991 2097 3055 lib.
2134 3008 2234 3053 vi.
2269 2991 2358 3054 ad
2382 2989 2585 3070 Corn..

376 3096 709 3171 Tacitum,
741 3097 987 3178 quibus
1030 3095 1230 3179 hujus
1279 3096 1488 3160 libelli
1539 3102 1883 3159 auctorem
1929 3093 2206 3177 quidam
2251 3093 2479 3157 facere
2511 3112 2587 3157 se

377 3217 586 3281 posse
617 3199 977 3275 confidunt,
1005 3198 1188 3282 quod
1224 3217 1454 3282 annos
1484 3203 1684 3263 natus
1730 3196 2215 3277 duodeviginti,
2241 3197 2591 3260 historiam

380 3301 772 3368 sescribere
803 3301 1095 3383 coepisse
1129 3300 1448 3365 affirmet:
1499 3305 1520 3333 ‘
1551 3297 1899 3381 Agebam,’
1943 3300 2184 3382 inquit,
2218 3303 2239 3336 ‘
2270 3300 2589 3364 duodevi-

382 3403 711 3470 cesimum
747 3422 1016 3487 annum.
1081 3404 1310 3469 Posco
1331 3404 1575 3468 librum
1605 3403 1687 3467 Τ.
1707 3402 1887 3488 Livii
1918 3409 1987 3465 et
2009 3402 2209 3484 quasi
2234 3421 2351 3484 per
2382 3402 2592 3482 otium

380 3503 559 3587 lego,
593 3510 795 3587 atque
827 3505 1052 3580 etiam,
1088 3514 1161 3569 ut
1210 3522 1575 3588 coeperam,
1616 3491 1957 3586 excerpo?
2041 3501 2356 3587 Vultisne
2391 3502 2595 3584 igitur

383 3604 525 3669 dari
556 3608 774 3685 vobis,
803 3627 910 3671 res
942 3616 1166 3689 gestas
1194 3609 1481 3673 breviter
1507 3627 1546 3670 e
1573 3606 1772 3670 Livio
1811 3605 2234 3688 decerpsisse
2281 3605 2590 3684 Plinium,

358 3704 521 3794 eas,
543 3709 842 3792 inquam,
874 3729 1027 3791 quae
1065 3730 1237 3774 nunc
1268 3711 1336 3773 in
1376 3710 1686 3773 manibus
1727 3708 1939 3772 sunt?
1985 3726 2103 3772 cur
2134 3708 2405 3784 amabo,
2439 3708 2592 3774 toti-

382 3828 501 3872 ens
548 3829 591 3873 a
622 3809 821 3872 Livio
845 3809 1149 3875 diversus
1174 3811 1338 3885 abit,
1363 3816 1432 3874 et
1453 3810 2357 3894 pugnantia.commemorat;
2403 3808 2596 3876 Grae.-

387 3930 508 3974 cos
539 3911 609 3973 in
638 3911 980 3995 plerisque
1013 3913 1238 3996 potius
1271 3918 1565 3988 secutus,
1595 3918 1674 3975 ut
1716 3910 2148 3994 Dionysium,
2178 3917 2254 3974 ut
2281 3911 2595 3991 Dionem,

387 4019 466 4075 ut
494 4010 912 4095 Appianum,
943 4018 1019 4076 ut
1058 4012 1547 4078 Plutarchum?
1593 4012 1734 4079 His
1774 4013 1974 4095 igitur
2000 4012 2170 4076 illud
2203 4012 2597 4095 Epicharmi

390 4114 651 4202 occino,
677 4111 937 4197 μέμνασο
968 4117 1246 4202 ἀπιστεῖν.
1337 4113 1926 4193 Quemadmodum
1956 4134 2045 4177 ex
2074 4115 2490 4178 lineamentis
2511 4114 2596 4179 de

391 4215 700 4298 legitimis
744 4218 976 4284 liberis
1029 4225 1102 4282 et
1148 4217 1396 4302 spuriis
1438 4216 1597 4284 filiis
1644 4216 1871 4291 εἰκότως
1910 4216 2218 4300 judicare
2266 4215 2592 4299 solemus3
