3023 4942
478 381 611 447 436
1081 395 1312 446 sexrt
1361 395 1690 445 Aunsmt
1739 395 2090 446 vxor-oms

479 562 607 612 nus
662 548 732 607 et
788 541 1152 608 Constans.
1270 539 1756 607 Constantinus
1815 540 2148 606 latrocinii
2209 542 2442 625 specie
2517 545 2681 613 dum

479 647 797 711 incautus
827 642 1136 726 t'oedeque
1185 643 1584 707 temulentus
1634 642 1705 707 in
1747 643 1975 708 aliena
2006 643 2218 721 irruit,
2249 645 2680 714 obtruncatus

479 752 601 825 est,
634 747 1114 831 projectusque
1141 747 1211 810 in
1240 744 1542 824 fluvium,
1571 748 1683 810 cui
1710 766 1953 810 nomen
1984 744 2153 810 Alsa
2184 754 2312 825 est,
2333 767 2464 811 non
2487 749 2681 833 longe

477 850 567 914 ab
619 846 960 932 Aquileia.
1047 849 1157 913 Q,
1203 847 1553 913 Constans
1598 868 1758 914 vero
1811 848 2107 913 venandi·
2149 849 2465 932 cupidine
2517 850 2676 916 dum

474 970 592 1035 per
638 952 870 1035 sylvas
916 950 1266 1033 saltusque
1319 956 1586 1025 erraret,
1615 951 2091 1033 conspiravere
2131 951 2465 1034 aliquanti
2503 953 2673 1018 mili-

474 1049 690 1117 tares¹
734 1053 804 1126 in
831 1051 985 1136 ejus
1015 1071 1265 1129 necem,
1298 1053 1686 1117 auctoribus
1739 1051 2051 1117 Chrestio
2072 1060 2114 1089 ¹¹¹
2151 1060 2216 1118 et
2248 1053 2676 1130 Marcellino,

474 1155 808 1237 simulque
839 1152 1237 1235 Magnentio
1264 1176 1280 1216 ε
1326 1155 1446 1235 qui
1467 1155 1587 1217 ubi
1614 1156 1924 1237 patrandi
1954 1157 2205 1236 negotii
2236 1156 2381 1221 dies
2398 1156 2674 1240 placuit,

474 1255 936 1332 Marcellinus,
981 1255 1275 1319 natalem
1321 1255 1447 1320 filii
1477 1256 1863 1333 simulans,¹¹
1892 1259 2257 1340 plerosque
2285 1260 2372 1323 ad
2404 1279 2674 1325 coenam

470 1366 682 1440 rogat.
770 1357 1013 1442 Itaque
1044 1359 1114 1423 in
1143 1358 1421 1423 multam
1449 1367 1714 1423 noctem
1746 1361 2057 1423 convivio
2087 1361 2443 1437 celebrato,
2476 1361 2676 1443 Mag-

468 1460 759 1535 nentius,
789 1461 982 1543 quasi
1031 1461 1121 1524 ad
1172 1461 1467 1525 ventris⁰
1511 1462 1709 1525 solita
1757 1463 2103 1540 secedens,
2131 1463 2439 1528 habitum
2480 1483 2671 1528 vene·

467 1565 742 1629 rabilem
763 1572 790 1612 P
813 1564 1017 1646 capit.
1061 1564 1171 1627 23.
1207 1563 1308 1627 Ea
1329 1584 1402 1628 re
1428 1565 1719 1646 cognita,
1744 1563 2084 1629 Constans
2105 1565 2338 1648 fugere
2358 1574 2672 1646 conatus,

465 1667 647 1751 apud
685 1664 1070 1742 Helenam,q
1115 1666 1446 1748 oppidum
1497 1667 1834 1749 Pyrenaeo
1866 1668 2272 1750 proximum,
2300 1686 2341 1731 a
2373 1666 2671 1733 Gaisone

466 1788 621 1833 cum
652 1768 1052 1831 lectissimis
1092 1770 1302 1831 misso
1330 1766 1722 1831 interficitur
1772 1787 1947 1832 anno
1998 1770 2196 1833 tertio
2225 1768 2490 1833 decimo
2527 1768 2673 1834 Au·-

465 1878 684 1953 gustae
718 1868 1191 1933 dominationis
1219 1866 1402 1954 (nam
1437 1868 1675 1934 Caesar
1719 1869 2001 1933 triennio
2040 1868 2317 1954 fuerat),
2346 1870 2480 1934 aevi
2514 1890 2671 1956 sep-

461 1963 632 2037 timo
660 1973 1166 2054 vicesimoque.r
1248 1971 1355 2036 24.
1402 1970 1543 2034 Hic
1576 1970 1708 2034 fuit
1737 1968 1985 2033 debilis
2011 1970 2298 2054 pedibus
2329 1971 2670 2035 manibus-

465 2091 617 2154 que,
654 2073 1090 2138 articulorum
1135 2073 1401 2152 dolore3
1447 2073 1832 2138 fortunatus
1884 2072 2043 2137 coeli
2097 2074 2447 2155 temperie,
2491 2072 2683 2136 fruc--

464 2179 650 2238 tuum
683 2184 1043 2258 proventu,
1083 2176 1274 2241 nulla
1304 2196 1347 2240 a
1376 2178 1685 2241 barbaris
1735 2175 2127 2255 formidine3
2175 2194 2330 2257 quae
2365 2173 2671 2258 profecto

463 2277 724 2358 maiora
767 2276 1045 2355 fierent,⁸
1104 2279 1161 2341 si
1201 2279 1697 2363 provinciarum
1749 2286 2042 2343 rectores
2080 2295 2213 2341 non
2254 2278 2499 2360 pretio,
2542 2275 2672 2340 sed

453 2377 719 2461 judicio
752 2381 1195 2462 provexisset.
1281 2381 1392 2446 25.
1437 2383 1671 2468 Hujus
1718 2387 1931 2448 morte
1969 2380 2265 2462 cognita,
2311 2378 2668 2457 Vetranio,

470 2483 787 2565 magister
816 2483 1151 2559 militum,‘
1190 2485 1543 2568 imperium
1586 2488 1655 2549 in
1686 2484 2045 2549 Pannonia
2083 2481 2262 2567 apud
2297 2480 2676 2547 Mursiam²

1382 2633 1445 2653 00
1449 2633 1746 2655 nomn„

460 2725 508 2769 et
534 2720 699 2770 Const.
728 2720 1013 2785 [coeperunt]
1044 2720 1249 2771 Schott.
1271 2721 1464 2772 Gaesb.
1485 2721 1675 2784 Delpb.
1693 2722 2011 2772 Pilum-22
2036 2721 2270 2785 Cupidine
2294 2720 2507 2785 [ductus]
2533 2720 2672 2770 eaed.

460 2784 590 2843 Mox
616 2786 858 2834 charistio
881 2802 976 2850 pro
1005 2787 1227 2836 Chresti«)
1249 2796 1332 2836 est
1352 2787 1404 2834 in
1429 2786 1577 2835 Leid.
1594 2791 1642 2835 2.
1697 2789 1823 2835 Tum
1844 2788 2104 2836 Marcellus
2128 2801 2222 2849 pro
2245 2786 2556 2839 Marcellinus
2580 2786 2678 2837 lib.

461 2857 568 2898 vet.
589 2864 673 2912 sp.
697 2851 876 2900 Vinet.
897 2857 951 2900 et
978 2851 1124 2900 Leid.
1149 2856 1195 2900 2.
1251 2852 1315 2901 In
1340 2867 1480 2916 seqq.
1499 2851 1685 2899 ventris
1706 2857 1889 2900 secreta
1905 2852 2026 2900 Ald.
2048 2852 2245 2900 Schott.
2265 2851 2459 2900 Gaesb.
2477 2851 2678 2913 Delph.

460 2914 646 2965 Pitisc.
683 2924 868 2966 contra
904 2916 1164 2966 Mss.—23
1201 2917 1429 2967 Peireneo
1470 2915 1722 2965 Ant—24
1757 2917 1961 2966 Fuerint
1985 2931 2078 2980 pro
2096 2915 2279 2981 fierent
2308 2916 2439 2965 editi
2474 2915 2672 2964 libb.—

1450 3045 1669 3096 NOTAE

525 3140 541 3175 ¹
568 3142 841 3206 Militares]
877 3142 983 3191 Pro
1005 3148 1021 3171 ⁴
1037 3142 1228 3192 milites
1239 3142 1275 3205 ;'
1295 3143 1408 3207 jam
1423 3157 1520 3193 soe—
1601 3160 1705 3194 τιος
1723 3141 1849 3193 διότι
1864 3146 2004 3203 δῆθεν
2014 3146 2112 3192 τῶν
2126 3135 2395 3204 ἂναγέαίων
2413 3139 2672 3190 διαναστὰς

459 3217 595 3283 ΡῙΜ·
1603 3220 1662 3268 ἐκ
1689 3220 1779 3269 τοῦ
1805 3218 2006 3270 δείπνου.
2076 3219 2409 3281 Mag-entim,
2429 3217 2567 3281 quasi
2594 3217 2671 3265 rei

523 3300 559 3326 ὓ
596 3293 840 3358 Clu-estio]
868 3292 1042 3357 Hujus
1059 3293 1281 3343 Chrestii
1298 3309 1396 3343 non
1413 3308 1523 3344 me·

458 3370 609 3419 minit
630 3370 822 3420 Zosim.
889 3370 994 3420 Sed
1026 3371 1345 3432 Marcellini,
1366 3387 1521 3436 quem

460 3446 633 3495 aersrii
663 3444 967 3510 praefectum
1001 3447 1150 3512 dicit,
1180 3455 1236 3497 et
1271 3448 1522 3510 Magnen-

459 3522 540 3572 tii.

522 3606 547 3631 ¹¹
583 3600 808 3649 Natalem
814 3599 921 3665 filii
940 3600 1192 3664 simulans]
1226 3599 1417 3650 Zosim.
1441 3605 1523 3649 Γε-

459 3674 643 3725 νέθλιον
665 3675 785 3738 ἕξειν
795 3676 974 3740 ἡμέραν
985 3675 1159 3726 οἰκείου
1171 3675 1374 3727 παιδὸςο
1392 3682 1523 3738 Μαρ-

459 3755 680 3802 κελλῖνος
700 3751 858 3817 εἰπὸν,
881 3751 1046 3802 ἐκάλει
1065 3753 1180 3817 πρὸς
1201 3754 1411 3803 ἑστίασιν
1430 3752 1523 3802 ἄλ-

457 3839 573 3882 λους
596 3848 653 3880 τε
680 3829 893 3880 πολλοὺς
920 3829 1173 3894 ἐξέχοντας
1196 3832 1285 3881 τοῦ
1317 3847 1522 3894 στρατο-

458 3908 620 3964 πέδου,
653 3908 730 3956 καὶ
764 3906 1064 3970 umen-m
1095 3907 1185 3956 σὺν
1213 3908 1392 3969 αὐτοῖς,
1422 3913 1524 3956 ὅτε.

460 3985 777 4035 Marcellinus
808 3985 1017 4034 natalem
1039 3984 1147 4049 filii
1179 3999 1230 4034 se
1263 3985 1523 4034 celebratu-

459 4075 567 4111 rum
598 4060 778 4122 dicens,
800 4075 906 4109 eum
935 4061 1054 4108 alios
1078 4061 1250 4109 multos
1269 4061 1325 4109 ia
1347 4062 1525 4110 castris

457 4137 701 4197 dignitate
727 4141 1034 4201 prestantes,
1056 4142 1160 4186 tam
1185 4137 1524 4201 Magnentiam

460 4211 712 4261 invitabat.

526 4298 550 4322 ⁰
586 4289 739 4345 Quasi
758 4291 823 4339 ad
842 4289 1048 4356 ventris]
1085 4290 1277 4342 Zosim·
1308 4288 1523 4352 Ma‘yve'v·

1551 3550 1552 3553 =
1602 3523 1802 3583 στολήν.

1601 3297 1882 3345 necessariae
1910 3311 2053 3346 causa
2084 3297 2143 3345 de
2162 3309 2324 3345 mensa
2341 3307 2561 3355 surgens,
2582 3296 2667 3355 &0-

1604 3375 1803 3437 reliqua
1825 3374 1963 3423 vide.

1675 3456 1702 3493 Ρ
1745 3450 1981 3499 Habitum
2022 3448 2362 3510 venerabilem]
2404 3446 2674 3504 Βοσιλιιὴσ

1870 3525 2080 3587 Regiam
2098 3526 2287 3573 stolam.
2320 3523 2513 3571 Zosim-

1668 3611 1694 3644 ¹1
1725 3605 1865 3665 Apud
1901 3601 2162 3663 Helenam]
2206 3601 2422 3649 Retinet
2457 3612 2664 3663 maten,

1603 3693 1721 3728 nam
1744 3680 1811 3726 ab
1833 3679 2081 3742 Hispanis
2112 3679 2236 3727 Elna
2257 3676 2470 3724 (licitur.

1666 3761 1689 3790 ¹
1728 3756 1844 3805 AEvi
1887 3756 2086 3819 septimo
2125 3753 2459 3817 vicesimanis]
2513 3749 2679 3800 Vixlt·

1605 3833 1749 3882 annis
1782 3831 1893 3882 fere
1927 3844 2095 3881 xxtx.

1668 3916 1688 3941 ⁸
1717 3906 1940 3970 Fiet-ent]
1975 3908 2085 3956 Pro
2109 3907 2127 3934 ⁶
2144 3902 2408 3955 fuissent!

1668 3986 1686 4017 ⁸
1723 3983 1952 4033 Vetranio
1987 3982 2219 4044 magister
2251 3981 2481 4044 militum]
2528 3979 2662 4028 Pan-

1603 4060 1872 4110 noniornm
1896 4061 2220 4109 exercituum
2242 4056 2367 4106 dux.
2407 4056 2597 4104 Zosim.

1667 4144 1691 4171 ⁸
1714 4134 1979 4197 Man-siam]
1993 4135 2010 4164 ‘
2027 4131 2259 4184 Mursam
2273 4132 2287 4154 ’
2305 4141 2455 4182 vocat
2470 4132 2659 4180 zosim.

1603 4212 1688 4262 Ad
1704 4213 1931 4264 Dravum
1947 4210 2163 4262 fluvium
2177 4208 2280 4260 sits
2295 4216 2374 4258 est
2391 4220 2544 4271 supra
2555 4206 2656 4255 Sir·

1601 4304 1776 4339 mium.
