<?xml version="1.0" encoding="UTF-8"?>
<!DOCTYPE html PUBLIC "-//W3C//DTD XHTML 1.0 Transitional//EN"
    "http://www.w3.org/TR/xhtml1/DTD/xhtml1-transitional.dtd">
<html xmlns="http://www.w3.org/1999/xhtml" xml:lang="en" lang="en">
 <head>
  <title>
</title>
<meta http-equiv="Content-Type" content="text/html;charset=utf-8" />
  <meta name='ocr-system' content='tesseract 3.04.00' />
  <meta name='ocr-capabilities' content='ocr_page ocr_carea ocr_par ocr_line ocrx_word'/>
</head>
<body>
  <div class='ocr_page' id='page_1' title='image "./historiaromanav00victgoog_0041.png"; bbox 0 0 3023 4942; ppageno 0'>
   <div class='ocr_carea' id='block_1_1' title="bbox 864 318 2585 385">
    <p class='ocr_par' dir='ltr' id='par_1_1' title="bbox 864 318 2585 385">
     <span class='ocr_line' id='line_1_1' title="bbox 864 318 2585 385; baseline 0.002 -6"><span class='ocrx_word' id='word_1_1' title='bbox 864 330 962 379; x_wconf 74' lang='lat' dir='ltr'><strong>nn</strong></span> <span class='ocrx_word' id='word_1_2' title='bbox 1015 327 1270 379; x_wconf 73' lang='lat' dir='ltr'><strong>snx&#39;ro</strong></span> <span class='ocrx_word' id='word_1_3' title='bbox 1316 329 1659 380; x_wconf 56' lang='lat' dir='ltr'><strong>‚suanno</strong></span> <span class='ocrx_word' id='word_1_4' title='bbox 1712 331 2066 381; x_wconf 64' lang='lat' dir='ltr'><strong>vrci-ons.</strong></span> <span class='ocrx_word' id='word_1_5' title='bbox 2498 318 2585 385; x_wconf 82' lang='lat'><strong>31</strong></span> 
     </span>
    </p>
   </div>
   <div class='ocr_carea' id='block_1_2' title="bbox 369 476 2588 1176">
    <p class='ocr_par' dir='ltr' id='par_1_2' title="bbox 369 476 2588 1055">
     <span class='ocr_line' id='line_1_2' title="bbox 374 476 2585 563; baseline 0.002 -22"><span class='ocrx_word' id='word_1_6' title='bbox 374 478 866 560; x_wconf 85' lang='lat' dir='ltr'><strong>damnatusque</strong></span> <span class='ocrx_word' id='word_1_7' title='bbox 911 476 1182 559; x_wconf 82' lang='lat' dir='ltr'><strong>capitis,</strong></span> <span class='ocrx_word' id='word_1_8' title='bbox 1240 496 1281 542; x_wconf 86' lang='lat' dir='ltr'><strong>e</strong></span> <span class='ocrx_word' id='word_1_9' title='bbox 1330 495 1504 543; x_wconf 82' lang='lat' dir='ltr'><strong>saxo</strong></span> <span class='ocrx_word' id='word_1_10' title='bbox 1554 478 1877 563; x_wconf 87' lang='lat' dir='ltr'><strong>Tarpeio,</strong></span> <span class='ocrx_word' id='word_1_11' title='bbox 1935 484 2009 545; x_wconf 87' lang='lat' dir='ltr'><strong>ut</strong></span> <span class='ocrx_word' id='word_1_12' title='bbox 2056 478 2154 543; x_wconf 89' lang='lat' dir='ltr'><strong>M.</strong></span> <span class='ocrx_word' id='word_1_13' title='bbox 2201 477 2421 545; x_wconf 80' lang='lat' dir='ltr'><strong>V-arro</strong></span> <span class='ocrx_word' id='word_1_14' title='bbox 2468 482 2585 558; x_wconf 85' lang='lat' dir='ltr'><strong>ait,</strong></span> 
     </span>
     <span class='ocr_line' id='line_1_3' title="bbox 373 570 2588 667; baseline 0.002 -24"><span class='ocrx_word' id='word_1_15' title='bbox 373 599 693 663; x_wconf 85' lang='lat' dir='ltr'><strong>praeceps</strong></span> <span class='ocrx_word' id='word_1_16' title='bbox 742 570 949 644; x_wconf 87' lang='lat' dir='ltr'><strong>datus</strong></span> <span class='ocrx_word' id='word_1_17' title='bbox 997 587 1143 660; x_wconf 90' lang='lat' dir='ltr'><strong>est;</strong></span> <span class='ocrx_word' id='word_1_18' title='bbox 1188 584 1261 644; x_wconf 91' lang='lat' dir='ltr'><strong>ut</strong></span> <span class='ocrx_word' id='word_1_19' title='bbox 1304 578 1662 644; x_wconf 85' lang='lat' dir='ltr'><strong>Cornelius</strong></span> <span class='ocrx_word' id='word_1_20' title='bbox 1707 588 1937 645; x_wconf 88' lang='lat' dir='ltr'><strong>autem</strong></span> <span class='ocrx_word' id='word_1_21' title='bbox 1982 579 2219 665; x_wconf 86' lang='lat' dir='ltr'><strong>Nepos</strong></span> <span class='ocrx_word' id='word_1_22' title='bbox 2264 584 2588 667; x_wconf 89' lang='lat' dir='ltr'><strong>scriptum</strong></span> 
     </span>
     <span class='ocr_line' id='line_1_4' title="bbox 369 681 2585 765; baseline 0.002 -21"><span class='ocrx_word' id='word_1_23' title='bbox 369 682 706 765; x_wconf 80' lang='lat' dir='ltr'><strong>relinquit,</strong></span> <span class='ocrx_word' id='word_1_24' title='bbox 734 682 1151 746; x_wconf 88' lang='lat' dir='ltr'><strong>verberando</strong></span> <span class='ocrx_word' id='word_1_25' title='bbox 1171 691 1453 749; x_wconf 86' lang='lat' dir='ltr'><strong>necatus</strong></span> <span class='ocrx_word' id='word_1_26' title='bbox 1475 681 1623 747; x_wconf 64' lang='lat' dir='ltr'><strong>est?</strong></span> <span class='ocrx_word' id='word_1_27' title='bbox 1671 682 1765 747; x_wconf 93' lang='lat' dir='ltr'><strong>At</strong></span> <span class='ocrx_word' id='word_1_28' title='bbox 1797 684 2041 749; x_wconf 86' lang='lat' dir='ltr'>Victor</span> <span class='ocrx_word' id='word_1_29' title='bbox 2058 687 2156 749; x_wconf 87' lang='lat' dir='ltr'><strong>ait</strong></span> <span class='ocrx_word' id='word_1_30' title='bbox 2178 703 2329 762; x_wconf 88' lang='lat' dir='ltr'><strong>cap.</strong></span> <span class='ocrx_word' id='word_1_31' title='bbox 2352 701 2585 749; x_wconf 79' lang='lat' dir='ltr'><strong>XXIV.</strong></span> 
     </span>
     <span class='ocr_line' id='line_1_5' title="bbox 371 783 2587 870; baseline 0.003 -23"><span class='ocrx_word' id='word_1_32' title='bbox 371 790 393 818; x_wconf 88' lang='lat'>‘</span> <span class='ocrx_word' id='word_1_33' title='bbox 427 783 806 849; x_wconf 82' lang='lat' dir='ltr'><strong>Damnatus</strong></span> <span class='ocrx_word' id='word_1_34' title='bbox 839 794 905 849; x_wconf 89' lang='lat' dir='ltr'><strong>et</strong></span> <span class='ocrx_word' id='word_1_35' title='bbox 944 784 1026 848; x_wconf 92' lang='lat' dir='ltr'><strong>de</strong></span> <span class='ocrx_word' id='word_1_36' title='bbox 1068 805 1244 848; x_wconf 85' lang='lat' dir='ltr'><strong>saxo</strong></span> <span class='ocrx_word' id='word_1_37' title='bbox 1273 785 1571 869; x_wconf 84' lang='lat' dir='ltr'><strong>Tarpeio</strong></span> <span class='ocrx_word' id='word_1_38' title='bbox 1603 785 2112 870; x_wconf 66' lang='lat' dir='ltr'><strong>praecipitatus!</strong></span> <span class='ocrx_word' id='word_1_39' title='bbox 2200 787 2381 850; x_wconf 85' lang='lat' dir='ltr'><strong>Haec</strong></span> <span class='ocrx_word' id='word_1_40' title='bbox 2414 787 2587 852; x_wconf 89' lang='lat' dir='ltr'><strong>inter</strong></span> 
     </span>
     <span class='ocr_line' id='line_1_6' title="bbox 369 878 2587 979; baseline 0.002 -30"><span class='ocrx_word' id='word_1_41' title='bbox 369 905 446 950; x_wconf 89' lang='lat' dir='ltr'><strong>se</strong></span> <span class='ocrx_word' id='word_1_42' title='bbox 471 878 840 979; x_wconf 81' lang='lat' dir='ltr'><strong>pugnantia</strong></span> <span class='ocrx_word' id='word_1_43' title='bbox 872 886 1233 971; x_wconf 83' lang='lat' dir='ltr'><strong>Nepotem,</strong></span> <span class='ocrx_word' id='word_1_44' title='bbox 1263 891 1558 954; x_wconf 89' lang='lat' dir='ltr'><strong>nobilem</strong></span> <span class='ocrx_word' id='word_1_45' title='bbox 1593 890 1999 968; x_wconf 89' lang='lat' dir='ltr'><strong>historicum,</strong></span> <span class='ocrx_word' id='word_1_46' title='bbox 2031 889 2423 967; x_wconf 83' lang='lat' dir='ltr'><strong>asseruisse,</strong></span> <span class='ocrx_word' id='word_1_47' title='bbox 2452 909 2587 954; x_wconf 89' lang='lat' dir='ltr'><strong>non</strong></span> 
     </span>
     <span class='ocr_line' id='line_1_7' title="bbox 369 990 910 1055; baseline 0 -3"><span class='ocrx_word' id='word_1_48' title='bbox 369 996 477 1052; x_wconf 89' lang='lat' dir='ltr'><strong>est</strong></span> <span class='ocrx_word' id='word_1_49' title='bbox 506 990 910 1055; x_wconf 88' lang='lat' dir='ltr'><strong>verosimile.</strong></span> 
     </span>
    </p>

    <p class='ocr_par' dir='ltr' id='par_1_3' title="bbox 460 1090 2584 1176">
     <span class='ocr_line' id='line_1_8' title="bbox 460 1090 2584 1176; baseline 0.001 -20"><span class='ocrx_word' id='word_1_50' title='bbox 460 1106 562 1156; x_wconf 77' lang='lat' dir='ltr'><strong>vl.</strong></span> <span class='ocrx_word' id='word_1_51' title='bbox 610 1090 787 1169; x_wconf 84' lang='lat' dir='ltr'><strong>Quae</strong></span> <span class='ocrx_word' id='word_1_52' title='bbox 837 1113 988 1157; x_wconf 89' lang='lat' dir='ltr'><strong>cum</strong></span> <span class='ocrx_word' id='word_1_53' title='bbox 1031 1092 1130 1157; x_wconf 86' lang='lat' dir='ltr'><strong>ita</strong></span> <span class='ocrx_word' id='word_1_54' title='bbox 1180 1092 1358 1175; x_wconf 81' lang='lat' dir='ltr'><strong>sint3</strong></span> <span class='ocrx_word' id='word_1_55' title='bbox 1404 1092 1811 1176; x_wconf 76' lang='lat' dir='ltr'><strong>praestiterit,</strong></span> <span class='ocrx_word' id='word_1_56' title='bbox 1852 1091 2202 1157; x_wconf 89' lang='lat' dir='ltr'><strong>meliorum</strong></span> <span class='ocrx_word' id='word_1_57' title='bbox 2243 1093 2584 1172; x_wconf 88' lang='lat' dir='ltr'><strong>codicum,</strong></span> 
     </span>
    </p>
   </div>
   <div class='ocr_carea' id='block_1_3' title="bbox 368 1195 2693 1283">
    <p class='ocr_par' dir='ltr' id='par_1_4' title="bbox 368 1195 2693 1283">
     <span class='ocr_line' id='line_1_9' title="bbox 368 1195 2693 1283; baseline 0.003 -28"><span class='ocrx_word' id='word_1_58' title='bbox 368 1195 743 1275; x_wconf 74' lang='lat' dir='ltr'><strong>praesertim</strong></span> <span class='ocrx_word' id='word_1_59' title='bbox 775 1215 863 1258; x_wconf 85' lang='lat' dir='ltr'><strong>ex</strong></span> <span class='ocrx_word' id='word_1_60' title='bbox 894 1195 1066 1279; x_wconf 89' lang='lat' dir='ltr'><strong>ipsis</strong></span> <span class='ocrx_word' id='word_1_61' title='bbox 1101 1195 1279 1259; x_wconf 89' lang='lat' dir='ltr'><strong>Mss.</strong></span> <span class='ocrx_word' id='word_1_62' title='bbox 1307 1196 1834 1278; x_wconf 87' lang='lat' dir='ltr'><strong>publicatorum,</strong></span> <span class='ocrx_word' id='word_1_63' title='bbox 1882 1196 1953 1259; x_wconf 90' lang='lat' dir='ltr'><strong>in</strong></span> <span class='ocrx_word' id='word_1_64' title='bbox 1999 1196 2244 1280; x_wconf 91' lang='lat' dir='ltr'><strong>quibus</strong></span> <span class='ocrx_word' id='word_1_65' title='bbox 2275 1196 2445 1259; x_wconf 90' lang='lat' dir='ltr'><strong>liber</strong></span> <span class='ocrx_word' id='word_1_66' title='bbox 2470 1196 2585 1261; x_wconf 88' lang='lat' dir='ltr'><strong>hic</strong></span> <span class='ocrx_word' id='word_1_67' title='bbox 2689 1275 2693 1283; x_wconf 24' lang='grc' dir='ltr'>ι</span> 
     </span>
    </p>
   </div>
   <div class='ocr_carea' id='block_1_4' title="bbox 314 1293 2596 3920">
    <p class='ocr_par' dir='ltr' id='par_1_5' title="bbox 314 1293 2596 1991">
     <span class='ocr_line' id='line_1_10' title="bbox 365 1293 2583 1383; baseline 0.003 -26"><span class='ocrx_word' id='word_1_68' title='bbox 365 1293 631 1359; x_wconf 89' lang='lat' dir='ltr'><strong>Aurelii</strong></span> <span class='ocrx_word' id='word_1_69' title='bbox 658 1296 954 1361; x_wconf 89' lang='lat' dir='ltr'><strong>Victoris</strong></span> <span class='ocrx_word' id='word_1_70' title='bbox 979 1318 1215 1361; x_wconf 91' lang='lat' dir='ltr'><strong>nomen</strong></span> <span class='ocrx_word' id='word_1_71' title='bbox 1236 1297 1589 1381; x_wconf 86' lang='lat' dir='ltr'><strong>praefixum</strong></span> <span class='ocrx_word' id='word_1_72' title='bbox 1616 1299 1842 1376; x_wconf 88' lang='lat' dir='ltr'><strong>habet,</strong></span> <span class='ocrx_word' id='word_1_73' title='bbox 1877 1299 2341 1362; x_wconf 86' lang='lat' dir='ltr'><strong>auctoritatem</strong></span> <span class='ocrx_word' id='word_1_74' title='bbox 2370 1299 2583 1383; x_wconf 89' lang='lat' dir='ltr'><strong>sequi.</strong></span> 
     </span>
     <span class='ocr_line' id='line_1_11' title="bbox 368 1395 2585 1482; baseline 0.002 -22"><span class='ocrx_word' id='word_1_75' title='bbox 368 1395 696 1462; x_wconf 85' lang='lat' dir='ltr'><strong>Solicitos</strong></span> <span class='ocrx_word' id='word_1_76' title='bbox 733 1418 890 1462; x_wconf 85' lang='lat' dir='ltr'><strong>vero</strong></span> <span class='ocrx_word' id='word_1_77' title='bbox 939 1399 1136 1482; x_wconf 89' lang='lat' dir='ltr'><strong>cujus</strong></span> <span class='ocrx_word' id='word_1_78' title='bbox 1183 1399 1444 1464; x_wconf 90' lang='lat' dir='ltr'><strong>Aurelii</strong></span> <span class='ocrx_word' id='word_1_79' title='bbox 1491 1399 1795 1465; x_wconf 84' lang='lat' dir='ltr'><strong>Victoris</strong></span> <span class='ocrx_word' id='word_1_80' title='bbox 1838 1400 1970 1464; x_wconf 86' lang='lat' dir='ltr'><strong>hoc</strong></span> <span class='ocrx_word' id='word_1_81' title='bbox 2016 1398 2099 1463; x_wconf 92' lang='lat' dir='ltr'><strong>de</strong></span> <span class='ocrx_word' id='word_1_82' title='bbox 2143 1398 2335 1464; x_wconf 89' lang='lat' dir='ltr'><strong>Viris</strong></span> <span class='ocrx_word' id='word_1_83' title='bbox 2382 1399 2585 1464; x_wconf 88' lang='lat' dir='ltr'><strong>Illus-</strong></span> 
     </span>
     <span class='ocr_line' id='line_1_12' title="bbox 365 1498 2587 1585; baseline 0.002 -24"><span class='ocrx_word' id='word_1_84' title='bbox 365 1498 580 1563; x_wconf 89' lang='lat' dir='ltr'><strong>tribus</strong></span> <span class='ocrx_word' id='word_1_85' title='bbox 609 1503 1008 1583; x_wconf 88' lang='lat' dir='ltr'><strong>opusculum</strong></span> <span class='ocrx_word' id='word_1_86' title='bbox 1040 1503 1152 1580; x_wconf 91' lang='lat' dir='ltr'><strong>sit,</strong></span> <span class='ocrx_word' id='word_1_87' title='bbox 1191 1501 1516 1566; x_wconf 84' lang='lat' dir='ltr'><strong>certiores</strong></span> <span class='ocrx_word' id='word_1_88' title='bbox 1546 1501 1733 1578; x_wconf 86' lang='lat' dir='ltr'><strong>facit,</strong></span> <span class='ocrx_word' id='word_1_89' title='bbox 1776 1503 1894 1585; x_wconf 91' lang='lat' dir='ltr'><strong>qui</strong></span> <span class='ocrx_word' id='word_1_90' title='bbox 1932 1501 2017 1565; x_wconf 90' lang='lat' dir='ltr'><strong>de</strong></span> <span class='ocrx_word' id='word_1_91' title='bbox 2058 1499 2449 1565; x_wconf 74' lang='lat' dir='ltr'><strong>Caesaribus</strong></span> <span class='ocrx_word' id='word_1_92' title='bbox 2478 1523 2587 1566; x_wconf 90' lang='lat' dir='ltr'><strong>se-</strong></span> 
     </span>
     <span class='ocr_line' id='line_1_13' title="bbox 366 1601 2582 1697; baseline 0.004 -34"><span class='ocrx_word' id='word_1_93' title='bbox 366 1602 598 1683; x_wconf 89' lang='lat' dir='ltr'><strong>quenti</strong></span> <span class='ocrx_word' id='word_1_94' title='bbox 628 1603 802 1697; x_wconf 61' lang='lat' dir='ltr'><strong>libro</strong></span> <span class='ocrx_word' id='word_1_95' title='bbox 836 1605 1263 1687; x_wconf 72' lang='lat' dir='ltr'><strong>praemittitur</strong></span> <span class='ocrx_word' id='word_1_96' title='bbox 1292 1604 1565 1669; x_wconf 84' lang='lat' dir='ltr'><strong>titulus:</strong></span> <span class='ocrx_word' id='word_1_97' title='bbox 1612 1608 1634 1638; x_wconf 88' lang='lat'>‘</span> <span class='ocrx_word' id='word_1_98' title='bbox 1657 1602 1922 1668; x_wconf 89' lang='lat' dir='ltr'><strong>Aurelii</strong></span> <span class='ocrx_word' id='word_1_99' title='bbox 1950 1601 2252 1667; x_wconf 85' lang='lat' dir='ltr'><strong>Victoris</strong></span> <span class='ocrx_word' id='word_1_100' title='bbox 2280 1603 2582 1671; x_wconf 69' lang='lat' dir='ltr'><strong>historias</strong></span> 
     </span>
     <span class='ocr_line' id='line_1_14' title="bbox 366 1702 2583 1790; baseline 0.003 -25"><span class='ocrx_word' id='word_1_101' title='bbox 366 1702 785 1769; x_wconf 83' lang='lat' dir='ltr'><strong>abbreviatae</strong></span> <span class='ocrx_word' id='word_1_102' title='bbox 816 1727 974 1790; x_wconf 88' lang='lat' dir='ltr'><strong>pars</strong></span> <span class='ocrx_word' id='word_1_103' title='bbox 1019 1706 1268 1772; x_wconf 87' lang='lat' dir='ltr'><strong>altera.’</strong></span> <span class='ocrx_word' id='word_1_104' title='bbox 1356 1706 1538 1771; x_wconf 89' lang='lat' dir='ltr'><strong>Nam</strong></span> <span class='ocrx_word' id='word_1_105' title='bbox 1585 1707 1741 1771; x_wconf 89' lang='lat' dir='ltr'><strong>inde</strong></span> <span class='ocrx_word' id='word_1_106' title='bbox 1789 1705 2227 1789; x_wconf 88' lang='lat' dir='ltr'><strong>probabiliter</strong></span> <span class='ocrx_word' id='word_1_107' title='bbox 2267 1707 2583 1790; x_wconf 82' lang='lat' dir='ltr'><strong>colligere</strong></span> 
     </span>
     <span class='ocr_line' id='line_1_15' title="bbox 367 1803 2596 1895; baseline 0.005 -29"><span class='ocrx_word' id='word_1_108' title='bbox 367 1803 555 1885; x_wconf 76' lang='lat' dir='ltr'><strong>licet,</strong></span> <span class='ocrx_word' id='word_1_109' title='bbox 605 1810 798 1894; x_wconf 89' lang='lat' dir='ltr'><strong>cujus</strong></span> <span class='ocrx_word' id='word_1_110' title='bbox 843 1811 1173 1893; x_wconf 88' lang='lat' dir='ltr'><strong>posterior</strong></span> <span class='ocrx_word' id='word_1_111' title='bbox 1216 1814 1345 1889; x_wconf 89' lang='lat' dir='ltr'><strong>est,</strong></span> <span class='ocrx_word' id='word_1_112' title='bbox 1392 1810 1698 1895; x_wconf 89' lang='lat' dir='ltr'><strong>ejusdem</strong></span> <span class='ocrx_word' id='word_1_113' title='bbox 1742 1807 2044 1874; x_wconf 90' lang='lat' dir='ltr'><strong>Victoris</strong></span> <span class='ocrx_word' id='word_1_114' title='bbox 2090 1810 2381 1892; x_wconf 83' lang='lat' dir='ltr'><strong>priorem</strong></span> <span class='ocrx_word' id='word_1_115' title='bbox 2427 1828 2596 1877; x_wconf 26' lang='lat' dir='ltr'><strong>esse.</strong></span> 
     </span>
     <span class='ocr_line' id='line_1_16' title="bbox 314 1916 2026 1991; baseline 0.001 -18"><span class='ocrx_word' id='word_1_116' title='bbox 314 1947 326 1960; x_wconf 87' lang='lat'><strong>·</strong></span> <span class='ocrx_word' id='word_1_117' title='bbox 369 1916 654 1991; x_wconf 90' lang='lat' dir='ltr'><strong>partem.</strong></span> <span class='ocrx_word' id='word_1_118' title='bbox 2023 1922 2026 1929; x_wconf 65' lang='lat'><strong>⁴</strong></span> 
     </span>
    </p>

    <p class='ocr_par' dir='ltr' id='par_1_6' title="bbox 364 2002 2585 2589">
     <span class='ocr_line' id='line_1_17' title="bbox 471 2002 2585 2098; baseline 0.003 -25"><span class='ocrx_word' id='word_1_119' title='bbox 471 2028 605 2074; x_wconf 81' lang='lat' dir='ltr'><strong>vu.</strong></span> <span class='ocrx_word' id='word_1_120' title='bbox 678 2002 1010 2092; x_wconf 87' lang='lat' dir='ltr'><strong>Ceterum,</strong></span> <span class='ocrx_word' id='word_1_121' title='bbox 1084 2017 1343 2098; x_wconf 89' lang='lat' dir='ltr'><strong>primus</strong></span> <span class='ocrx_word' id='word_1_122' title='bbox 1414 2013 1593 2078; x_wconf 89' lang='lat' dir='ltr'><strong>inter</strong></span> <span class='ocrx_word' id='word_1_123' title='bbox 1665 2015 1826 2079; x_wconf 89' lang='lat' dir='ltr'><strong>illos</strong></span> <span class='ocrx_word' id='word_1_124' title='bbox 1885 2013 2179 2077; x_wconf 87' lang='lat' dir='ltr'><strong>illustres</strong></span> <span class='ocrx_word' id='word_1_125' title='bbox 2237 2014 2419 2078; x_wconf 82' lang='lat' dir='ltr'><strong>viros</strong></span> <span class='ocrx_word' id='word_1_126' title='bbox 2477 2022 2585 2079; x_wconf 90' lang='lat' dir='ltr'><strong>est</strong></span> 
     </span>
     <span class='ocr_line' id='line_1_18' title="bbox 370 2112 2583 2200; baseline 0.003 -24"><span class='ocrx_word' id='word_1_127' title='bbox 370 2112 618 2190; x_wconf 86' lang='lat' dir='ltr'><strong>Proca,</strong></span> <span class='ocrx_word' id='word_1_128' title='bbox 648 2134 769 2178; x_wconf 88' lang='lat' dir='ltr'><strong>rex</strong></span> <span class='ocrx_word' id='word_1_129' title='bbox 800 2115 1250 2195; x_wconf 87' lang='lat' dir='ltr'><strong>Albanorum,</strong></span> <span class='ocrx_word' id='word_1_130' title='bbox 1289 2119 1405 2200; x_wconf 90' lang='lat' dir='ltr'><strong>qui</strong></span> <span class='ocrx_word' id='word_1_131' title='bbox 1435 2138 1710 2199; x_wconf 87' lang='lat' dir='ltr'><strong>regnum</strong></span> <span class='ocrx_word' id='word_1_132' title='bbox 1759 2136 1952 2186; x_wconf 86' lang='lat' dir='ltr'><strong>suum</strong></span> <span class='ocrx_word' id='word_1_133' title='bbox 1994 2116 2154 2180; x_wconf 91' lang='lat' dir='ltr'><strong>filiis</strong></span> <span class='ocrx_word' id='word_1_134' title='bbox 2197 2114 2479 2196; x_wconf 89' lang='lat' dir='ltr'><strong>Amulio</strong></span> <span class='ocrx_word' id='word_1_135' title='bbox 2510 2125 2583 2182; x_wconf 88' lang='lat' dir='ltr'><strong>et</strong></span> 
     </span>
     <span class='ocr_line' id='line_1_19' title="bbox 369 2212 2584 2301; baseline 0.003 -24"><span class='ocrx_word' id='word_1_136' title='bbox 369 2212 738 2291; x_wconf 86' lang='lat' dir='ltr'><strong>Numitori,</strong></span> <span class='ocrx_word' id='word_1_137' title='bbox 784 2219 1028 2281; x_wconf 82' lang='lat' dir='ltr'><strong>annuis</strong></span> <span class='ocrx_word' id='word_1_138' title='bbox 1059 2219 1324 2282; x_wconf 89' lang='lat' dir='ltr'><strong>vicibus</strong></span> <span class='ocrx_word' id='word_1_139' title='bbox 1365 2218 1748 2282; x_wconf 88' lang='lat' dir='ltr'><strong>habendum</strong></span> <span class='ocrx_word' id='word_1_140' title='bbox 1787 2218 2100 2301; x_wconf 84' lang='lat' dir='ltr'><strong>reliquit„</strong></span> <span class='ocrx_word' id='word_1_141' title='bbox 2126 2236 2306 2281; x_wconf 87' lang='lat' dir='ltr'><strong>anno</strong></span> <span class='ocrx_word' id='word_1_142' title='bbox 2349 2218 2584 2283; x_wconf 88' lang='lat' dir='ltr'><strong>mundi</strong></span> 
     </span>
     <span class='ocr_line' id='line_1_20' title="bbox 364 2315 2581 2387; baseline 0.002 -8"><span class='ocrx_word' id='word_1_143' title='bbox 364 2315 562 2380; x_wconf 88' lang='grc'><strong>3155.</strong></span> <span class='ocrx_word' id='word_1_144' title='bbox 593 2324 748 2380; x_wconf 89' lang='lat' dir='ltr'><strong>ante</strong></span> <span class='ocrx_word' id='word_1_145' title='bbox 779 2316 1072 2384; x_wconf 86' lang='lat' dir='ltr'><strong>Romam</strong></span> <span class='ocrx_word' id='word_1_146' title='bbox 1103 2319 1436 2385; x_wconf 85' lang='lat' dir='ltr'><strong>conditam</strong></span> <span class='ocrx_word' id='word_1_147' title='bbox 1464 2319 1577 2383; x_wconf 83' lang='lat'><strong>43.</strong></span> <span class='ocrx_word' id='word_1_148' title='bbox 1614 2329 1771 2387; x_wconf 85' lang='lat' dir='ltr'><strong>ante</strong></span> <span class='ocrx_word' id='word_1_149' title='bbox 1802 2319 1880 2383; x_wconf 89' lang='lat' dir='ltr'><strong>C.</strong></span> <span class='ocrx_word' id='word_1_150' title='bbox 1916 2318 2006 2383; x_wconf 91' lang='lat' dir='ltr'><strong>N.</strong></span> <span class='ocrx_word' id='word_1_151' title='bbox 2037 2320 2189 2384; x_wconf 87' lang='grc'><strong>793.</strong></span> <span class='ocrx_word' id='word_1_152' title='bbox 2280 2319 2581 2384; x_wconf 90' lang='lat' dir='ltr'><strong>Ultimus</strong></span> 
     </span>
     <span class='ocr_line' id='line_1_21' title="bbox 368 2416 2581 2506; baseline 0.002 -25"><span class='ocrx_word' id='word_1_153' title='bbox 368 2425 475 2482; x_wconf 87' lang='lat' dir='ltr'><strong>est</strong></span> <span class='ocrx_word' id='word_1_154' title='bbox 506 2416 631 2483; x_wconf 90' lang='lat' dir='ltr'><strong>Cn.</strong></span> <span class='ocrx_word' id='word_1_155' title='bbox 662 2419 1061 2504; x_wconf 82' lang='lat' dir='ltr'><strong>Pompeius,</strong></span> <span class='ocrx_word' id='word_1_156' title='bbox 1109 2420 1303 2506; x_wconf 87' lang='lat' dir='ltr'><strong>cujus</strong></span> <span class='ocrx_word' id='word_1_157' title='bbox 1333 2443 1510 2488; x_wconf 89' lang='lat' dir='ltr'><strong>mors</strong></span> <span class='ocrx_word' id='word_1_158' title='bbox 1542 2423 1610 2487; x_wconf 91' lang='lat' dir='ltr'><strong>in</strong></span> <span class='ocrx_word' id='word_1_159' title='bbox 1641 2442 1881 2488; x_wconf 89' lang='lat' dir='ltr'><strong>annum</strong></span> <span class='ocrx_word' id='word_1_160' title='bbox 1914 2421 2123 2487; x_wconf 88' lang='lat' dir='ltr'><strong>Urbis</strong></span> <span class='ocrx_word' id='word_1_161' title='bbox 2149 2422 2302 2486; x_wconf 88' lang='grc'><strong>705.</strong></span> <span class='ocrx_word' id='word_1_162' title='bbox 2346 2421 2581 2488; x_wconf 89' lang='lat' dir='ltr'><strong>mundi</strong></span> 
     </span>
     <span class='ocr_line' id='line_1_22' title="bbox 365 2520 2254 2589; baseline 0.003 -4"><span class='ocrx_word' id='word_1_163' title='bbox 365 2520 567 2585; x_wconf 85' lang='grc'><strong>3902.</strong></span> <span class='ocrx_word' id='word_1_164' title='bbox 597 2530 755 2587; x_wconf 89' lang='lat' dir='ltr'><strong>ante</strong></span> <span class='ocrx_word' id='word_1_165' title='bbox 786 2522 864 2587; x_wconf 91' lang='lat' dir='ltr'><strong>C.</strong></span> <span class='ocrx_word' id='word_1_166' title='bbox 898 2524 996 2589; x_wconf 88' lang='lat' dir='ltr'><strong>N.</strong></span> <span class='ocrx_word' id='word_1_167' title='bbox 1024 2525 1134 2589; x_wconf 86' lang='grc'><strong>46.</strong></span> <span class='ocrx_word' id='word_1_168' title='bbox 1163 2525 1424 2589; x_wconf 86' lang='lat' dir='ltr'><strong>incidit.</strong></span> <span class='ocrx_word' id='word_1_169' title='bbox 2251 2549 2254 2552; x_wconf 92' lang='lat'>·</span> 
     </span>
    </p>

    <p class='ocr_par' dir='ltr' id='par_1_7' title="bbox 364 2622 2580 3308">
     <span class='ocr_line' id='line_1_23' title="bbox 457 2622 2580 2708; baseline 0.003 -23"><span class='ocrx_word' id='word_1_170' title='bbox 457 2640 623 2688; x_wconf 85' lang='grc' dir='ltr'><strong>νιιι.</strong></span> <span class='ocrx_word' id='word_1_171' title='bbox 670 2622 782 2687; x_wconf 87' lang='lat' dir='ltr'><strong>Ad</strong></span> <span class='ocrx_word' id='word_1_172' title='bbox 810 2624 934 2689; x_wconf 91' lang='lat' dir='ltr'><strong>hos</strong></span> <span class='ocrx_word' id='word_1_173' title='bbox 955 2626 1248 2690; x_wconf 86' lang='lat' dir='ltr'><strong>illustres</strong></span> <span class='ocrx_word' id='word_1_174' title='bbox 1281 2628 1462 2690; x_wconf 86' lang='lat' dir='ltr'><strong>viros</strong></span> <span class='ocrx_word' id='word_1_175' title='bbox 1482 2625 2040 2703; x_wconf 85' lang='lat' dir='ltr'><strong>additamentum,</strong></span> <span class='ocrx_word' id='word_1_176' title='bbox 2069 2626 2135 2689; x_wconf 92' lang='lat' dir='ltr'><strong>in</strong></span> <span class='ocrx_word' id='word_1_177' title='bbox 2169 2626 2580 2708; x_wconf 89' lang='lat' dir='ltr'><strong>quibusdam</strong></span> 
     </span>
     <span class='ocr_line' id='line_1_24' title="bbox 368 2719 2577 2831; baseline 0.003 -41"><span class='ocrx_word' id='word_1_178' title='bbox 368 2726 666 2810; x_wconf 88' lang='lat' dir='ltr'><strong>antiquis</strong></span> <span class='ocrx_word' id='word_1_179' title='bbox 714 2719 906 2790; x_wconf 79' lang='lat' dir='ltr'><strong>libris</strong></span> <span class='ocrx_word' id='word_1_180' title='bbox 941 2728 1117 2792; x_wconf 88' lang='lat' dir='ltr'><strong>Mss.</strong></span> <span class='ocrx_word' id='word_1_181' title='bbox 1159 2735 1510 2812; x_wconf 89' lang='lat' dir='ltr'><strong>repertum,</strong></span> <span class='ocrx_word' id='word_1_182' title='bbox 1561 2727 1774 2831; x_wconf 50' lang='lat' dir='ltr'><strong>(qugd</strong></span> <span class='ocrx_word' id='word_1_183' title='bbox 1800 2727 2099 2812; x_wconf 88' lang='lat' dir='ltr'><strong>ejusdem</strong></span> <span class='ocrx_word' id='word_1_184' title='bbox 2123 2729 2390 2793; x_wconf 83' lang='lat' dir='ltr'><strong>videtur</strong></span> <span class='ocrx_word' id='word_1_185' title='bbox 2419 2750 2577 2796; x_wconf 88' lang='lat' dir='ltr'><strong>auc-</strong></span> 
     </span>
     <span class='ocr_line' id='line_1_25' title="bbox 368 2827 2579 2915; baseline 0.002 -23"><span class='ocrx_word' id='word_1_186' title='bbox 368 2828 534 2893; x_wconf 87' lang='lat' dir='ltr'><strong>toris</strong></span> <span class='ocrx_word' id='word_1_187' title='bbox 563 2827 750 2913; x_wconf 90' lang='lat' dir='ltr'><strong>esse)</strong></span> <span class='ocrx_word' id='word_1_188' title='bbox 770 2830 1013 2913; x_wconf 88' lang='lat' dir='ltr'><strong>incipit</strong></span> <span class='ocrx_word' id='word_1_189' title='bbox 1042 2830 1147 2896; x_wconf 81' lang='lat' dir='ltr'><strong>aJ</strong></span> <span class='ocrx_word' id='word_1_190' title='bbox 1152 2832 1286 2896; x_wconf 91' lang='lat' dir='ltr'><strong>ulio</strong></span> <span class='ocrx_word' id='word_1_191' title='bbox 1314 2830 1617 2906; x_wconf 75' lang='lat' dir='ltr'><strong>Caesare,</strong></span> <span class='ocrx_word' id='word_1_192' title='bbox 1652 2832 1768 2915; x_wconf 89' lang='lat' dir='ltr'><strong>qui</strong></span> <span class='ocrx_word' id='word_1_193' title='bbox 1793 2837 2045 2913; x_wconf 85' lang='lat' dir='ltr'><strong>praetor</strong></span> <span class='ocrx_word' id='word_1_194' title='bbox 2071 2831 2142 2894; x_wconf 90' lang='lat' dir='ltr'><strong>in</strong></span> <span class='ocrx_word' id='word_1_195' title='bbox 2162 2830 2579 2897; x_wconf 86' lang='lat' dir='ltr'><strong>Lusitaniam</strong></span> 
     </span>
     <span class='ocr_line' id='line_1_26' title="bbox 369 2931 2580 3002; baseline 0.001 -8"><span class='ocrx_word' id='word_1_196' title='bbox 369 2950 541 2996; x_wconf 87' lang='lat' dir='ltr'><strong>anno</strong></span> <span class='ocrx_word' id='word_1_197' title='bbox 572 2931 779 2996; x_wconf 88' lang='lat' dir='ltr'><strong>Urbis</strong></span> <span class='ocrx_word' id='word_1_198' title='bbox 807 2933 960 2997; x_wconf 88' lang='grc'><strong>693.</strong></span> <span class='ocrx_word' id='word_1_199' title='bbox 1005 2934 1232 2997; x_wconf 89' lang='lat' dir='ltr'><strong>mundi</strong></span> <span class='ocrx_word' id='word_1_200' title='bbox 1261 2933 1457 3002; x_wconf 77' lang='lat'><strong>3980.</strong></span> <span class='ocrx_word' id='word_1_201' title='bbox 1492 2940 1645 2999; x_wconf 90' lang='lat' dir='ltr'><strong>ante</strong></span> <span class='ocrx_word' id='word_1_202' title='bbox 1677 2933 1760 3000; x_wconf 90' lang='lat' dir='ltr'><strong>C.</strong></span> <span class='ocrx_word' id='word_1_203' title='bbox 1794 2932 1886 2997; x_wconf 93' lang='lat' dir='ltr'><strong>N.</strong></span> <span class='ocrx_word' id='word_1_204' title='bbox 1917 2933 2028 2999; x_wconf 88' lang='grc'><strong>58.</strong></span> <span class='ocrx_word' id='word_1_205' title='bbox 2061 2935 2248 2997; x_wconf 89' lang='lat' dir='ltr'><strong>abiit.</strong></span> <span class='ocrx_word' id='word_1_206' title='bbox 2308 2934 2580 2999; x_wconf 89' lang='lat' dir='ltr'><strong>Desinit</strong></span> 
     </span>
     <span class='ocr_line' id='line_1_27' title="bbox 367 3033 2575 3120; baseline 0.002 -23"><span class='ocrx_word' id='word_1_207' title='bbox 367 3034 439 3097; x_wconf 86' lang='lat' dir='ltr'><strong>in</strong></span> <span class='ocrx_word' id='word_1_208' title='bbox 467 3033 856 3119; x_wconf 87' lang='lat' dir='ltr'><strong>Cleopatra,</strong></span> <span class='ocrx_word' id='word_1_209' title='bbox 901 3036 1183 3120; x_wconf 74' lang='lat' dir='ltr'><strong>AEgypti</strong></span> <span class='ocrx_word' id='word_1_210' title='bbox 1232 3038 1482 3119; x_wconf 86' lang='lat' dir='ltr'><strong>regina,</strong></span> <span class='ocrx_word' id='word_1_211' title='bbox 1520 3057 1701 3120; x_wconf 85' lang='lat' dir='ltr'><strong>quae,</strong></span> <span class='ocrx_word' id='word_1_212' title='bbox 1732 3036 1916 3101; x_wconf 86' lang='lat' dir='ltr'><strong>victo</strong></span> <span class='ocrx_word' id='word_1_213' title='bbox 1954 3035 2057 3098; x_wconf 90' lang='lat' dir='ltr'><strong>M.</strong></span> <span class='ocrx_word' id='word_1_214' title='bbox 2097 3034 2395 3101; x_wconf 90' lang='lat' dir='ltr'><strong>Antonio</strong></span> <span class='ocrx_word' id='word_1_215' title='bbox 2433 3057 2575 3101; x_wconf 89' lang='lat' dir='ltr'><strong>ma-</strong></span> 
     </span>
     <span class='ocr_line' id='line_1_28' title="bbox 366 3137 2577 3221; baseline 0.003 -22"><span class='ocrx_word' id='word_1_216' title='bbox 366 3137 516 3211; x_wconf 90' lang='lat' dir='ltr'><strong>rito,</strong></span> <span class='ocrx_word' id='word_1_217' title='bbox 547 3137 706 3221; x_wconf 92' lang='lat' dir='ltr'><strong>ipsa</strong></span> <span class='ocrx_word' id='word_1_218' title='bbox 748 3146 1028 3203; x_wconf 89' lang='lat' dir='ltr'><strong>mortem</strong></span> <span class='ocrx_word' id='word_1_219' title='bbox 1074 3139 1209 3202; x_wconf 88' lang='lat' dir='ltr'><strong>sibi</strong></span> <span class='ocrx_word' id='word_1_220' title='bbox 1254 3139 1659 3203; x_wconf 86' lang='lat' dir='ltr'><strong>acceleravit</strong></span> <span class='ocrx_word' id='word_1_221' title='bbox 1698 3158 1873 3202; x_wconf 88' lang='lat' dir='ltr'><strong>anno</strong></span> <span class='ocrx_word' id='word_1_222' title='bbox 1908 3137 2116 3203; x_wconf 88' lang='lat' dir='ltr'><strong>Urbis</strong></span> <span class='ocrx_word' id='word_1_223' title='bbox 2144 3139 2298 3203; x_wconf 84' lang='grc'><strong>723.</strong></span> <span class='ocrx_word' id='word_1_224' title='bbox 2340 3139 2577 3205; x_wconf 89' lang='lat' dir='ltr'><strong>mundi</strong></span> 
     </span>
     <span class='ocr_line' id='line_1_29' title="bbox 364 3240 1122 3308; baseline -0.003 -3"><span class='ocrx_word' id='word_1_225' title='bbox 364 3240 559 3305; x_wconf 85' lang='grc'><strong>3920.</strong></span> <span class='ocrx_word' id='word_1_226' title='bbox 593 3249 748 3305; x_wconf 90' lang='lat' dir='ltr'><strong>ante</strong></span> <span class='ocrx_word' id='word_1_227' title='bbox 777 3240 858 3308; x_wconf 85' lang='lat' dir='ltr'><strong>C.</strong></span> <span class='ocrx_word' id='word_1_228' title='bbox 891 3241 984 3307; x_wconf 92' lang='lat' dir='ltr'><strong>N.</strong></span> <span class='ocrx_word' id='word_1_229' title='bbox 1013 3242 1122 3306; x_wconf 80' lang='grc'><strong>28.</strong></span> 
     </span>
    </p>

    <p class='ocr_par' dir='ltr' id='par_1_8' title="bbox 364 3339 2577 3920">
     <span class='ocr_line' id='line_1_30' title="bbox 456 3339 2577 3422; baseline 0.002 -17"><span class='ocrx_word' id='word_1_230' title='bbox 456 3357 573 3405; x_wconf 84' lang='lat' dir='ltr'><strong>rx.</strong></span> <span class='ocrx_word' id='word_1_231' title='bbox 617 3340 967 3408; x_wconf 76' lang='lat' dir='ltr'><strong>Praeterea</strong></span> <span class='ocrx_word' id='word_1_232' title='bbox 1018 3341 1227 3422; x_wconf 87' lang='lat' dir='ltr'><strong>Sexti</strong></span> <span class='ocrx_word' id='word_1_233' title='bbox 1260 3340 1516 3406; x_wconf 88' lang='lat' dir='ltr'><strong>Aurelii</strong></span> <span class='ocrx_word' id='word_1_234' title='bbox 1562 3339 1860 3406; x_wconf 89' lang='lat' dir='ltr'><strong>Victoris</strong></span> <span class='ocrx_word' id='word_1_235' title='bbox 1908 3342 1991 3406; x_wconf 92' lang='lat' dir='ltr'><strong>de</strong></span> <span class='ocrx_word' id='word_1_236' title='bbox 2052 3340 2441 3408; x_wconf 72' lang='lat' dir='ltr'><strong>Caesaribus</strong></span> <span class='ocrx_word' id='word_1_237' title='bbox 2494 3344 2577 3409; x_wconf 86' lang='lat' dir='ltr'><strong>li-</strong></span> 
     </span>
     <span class='ocr_line' id='line_1_31' title="bbox 364 3443 2576 3528; baseline 0.001 -20"><span class='ocrx_word' id='word_1_238' title='bbox 364 3445 558 3509; x_wconf 88' lang='lat' dir='ltr'><strong>brum</strong></span> <span class='ocrx_word' id='word_1_239' title='bbox 586 3444 935 3508; x_wconf 87' lang='lat' dir='ltr'><strong>habemus.</strong></span> <span class='ocrx_word' id='word_1_240' title='bbox 992 3445 1287 3509; x_wconf 88' lang='lat' dir='ltr'><strong>.Horum</strong></span> <span class='ocrx_word' id='word_1_241' title='bbox 1328 3445 1582 3528; x_wconf 88' lang='lat' dir='ltr'><strong>primus</strong></span> <span class='ocrx_word' id='word_1_242' title='bbox 1612 3448 1717 3507; x_wconf 89' lang='lat' dir='ltr'><strong>est</strong></span> <span class='ocrx_word' id='word_1_243' title='bbox 1747 3443 2166 3508; x_wconf 86' lang='lat' dir='ltr'><strong>Octavianus</strong></span> <span class='ocrx_word' id='word_1_244' title='bbox 2205 3445 2576 3525; x_wconf 82' lang='lat' dir='ltr'><strong>AugustuS‚</strong></span> 
     </span>
     <span class='ocr_line' id='line_1_32' title="bbox 365 3545 2575 3631; baseline 0.001 -21"><span class='ocrx_word' id='word_1_245' title='bbox 365 3565 408 3610; x_wconf 88' lang='lat' dir='ltr'><strong>a</strong></span> <span class='ocrx_word' id='word_1_246' title='bbox 437 3546 629 3629; x_wconf 89' lang='lat' dir='ltr'><strong>cujus</strong></span> <span class='ocrx_word' id='word_1_247' title='bbox 661 3545 1072 3631; x_wconf 86' lang='lat' dir='ltr'><strong>principatu,</strong></span> <span class='ocrx_word' id='word_1_248' title='bbox 1107 3567 1305 3631; x_wconf 85' lang='lat' dir='ltr'><strong>quem</strong></span> <span class='ocrx_word' id='word_1_249' title='bbox 1339 3546 1425 3612; x_wconf 89' lang='lat' dir='ltr'><strong>ad</strong></span> <span class='ocrx_word' id='word_1_250' title='bbox 1462 3566 1705 3611; x_wconf 86' lang='lat' dir='ltr'><strong>annum</strong></span> <span class='ocrx_word' id='word_1_251' title='bbox 1737 3545 1947 3610; x_wconf 87' lang='lat' dir='ltr'><strong>Urbis</strong></span> <span class='ocrx_word' id='word_1_252' title='bbox 1974 3545 2125 3610; x_wconf 86' lang='grc'><strong>722.</strong></span> <span class='ocrx_word' id='word_1_253' title='bbox 2156 3546 2225 3610; x_wconf 92' lang='lat' dir='ltr'><strong>id</strong></span> <span class='ocrx_word' id='word_1_254' title='bbox 2257 3555 2385 3626; x_wconf 89' lang='lat' dir='ltr'><strong>est,</strong></span> <span class='ocrx_word' id='word_1_255' title='bbox 2417 3556 2575 3613; x_wconf 86' lang='lat' dir='ltr'><strong>ante</strong></span> 
     </span>
     <span class='ocr_line' id='line_1_33' title="bbox 366 3633 2576 3733; baseline 0 -20"><span class='ocrx_word' id='word_1_256' title='bbox 366 3646 446 3713; x_wconf 90' lang='lat' dir='ltr'><strong>C.</strong></span> <span class='ocrx_word' id='word_1_257' title='bbox 476 3646 575 3711; x_wconf 91' lang='lat' dir='ltr'><strong>N.</strong></span> <span class='ocrx_word' id='word_1_258' title='bbox 603 3642 727 3713; x_wconf 78' lang='grc'><strong>29.</strong></span> <span class='ocrx_word' id='word_1_259' title='bbox 771 3649 991 3726; x_wconf 85' lang='lat' dir='ltr'><strong>refert,</strong></span> <span class='ocrx_word' id='word_1_260' title='bbox 1037 3650 1298 3733; x_wconf 89' lang='lat' dir='ltr'><strong>incipit.</strong></span> <span class='ocrx_word' id='word_1_261' title='bbox 1385 3633 1688 3714; x_wconf 77' lang='lat' dir='ltr'><strong>Ultimus</strong></span> <span class='ocrx_word' id='word_1_262' title='bbox 1735 3656 1841 3712; x_wconf 89' lang='lat' dir='ltr'><strong>est</strong></span> <span class='ocrx_word' id='word_1_263' title='bbox 1891 3647 2343 3727; x_wconf 82' lang='lat' dir='ltr'><strong>constantius,</strong></span> <span class='ocrx_word' id='word_1_264' title='bbox 2392 3648 2576 3715; x_wconf 62' lang='lat' dir='ltr'><strong>Cons-</strong></span> 
     </span>
     <span class='ocr_line' id='line_1_34' title="bbox 365 3749 2571 3837; baseline 0.002 -23"><span class='ocrx_word' id='word_1_265' title='bbox 365 3751 640 3816; x_wconf 82' lang='lat' dir='ltr'><strong>stantini</strong></span> <span class='ocrx_word' id='word_1_266' title='bbox 671 3749 917 3833; x_wconf 88' lang='lat' dir='ltr'><strong>Magni·</strong></span> <span class='ocrx_word' id='word_1_267' title='bbox 935 3751 1142 3828; x_wconf 89' lang='lat' dir='ltr'><strong>filius,</strong></span> <span class='ocrx_word' id='word_1_268' title='bbox 1178 3753 1249 3818; x_wconf 91' lang='lat' dir='ltr'><strong>in</strong></span> <span class='ocrx_word' id='word_1_269' title='bbox 1279 3752 1478 3837; x_wconf 87' lang='lat' dir='ltr'><strong>cujus</strong></span> <span class='ocrx_word' id='word_1_270' title='bbox 1507 3770 1685 3817; x_wconf 89' lang='lat' dir='ltr'><strong>anno</strong></span> <span class='ocrx_word' id='word_1_271' title='bbox 1712 3750 1821 3817; x_wconf 87' lang='grc'><strong>23.</strong></span> <span class='ocrx_word' id='word_1_272' title='bbox 1856 3750 1976 3835; x_wconf 88' lang='lat' dir='ltr'><strong>qui</strong></span> <span class='ocrx_word' id='word_1_273' title='bbox 2004 3756 2110 3816; x_wconf 87' lang='lat' dir='ltr'><strong>est</strong></span> <span class='ocrx_word' id='word_1_274' title='bbox 2132 3749 2340 3815; x_wconf 88' lang='lat' dir='ltr'><strong>Urbis</strong></span> <span class='ocrx_word' id='word_1_275' title='bbox 2371 3751 2571 3818; x_wconf 91' lang='grc'><strong>1111.</strong></span> 
     </span>
     <span class='ocr_line' id='line_1_35' title="bbox 366 3851 1099 3920; baseline 0.001 -3"><span class='ocrx_word' id='word_1_276' title='bbox 366 3851 616 3919; x_wconf 82' lang='lat' dir='ltr'><strong>Christi</strong></span> <span class='ocrx_word' id='word_1_277' title='bbox 646 3853 798 3920; x_wconf 84' lang='lat'><strong>359.</strong></span> <span class='ocrx_word' id='word_1_278' title='bbox 829 3853 1099 3919; x_wconf 88' lang='lat' dir='ltr'><strong>desinit.</strong></span> 
     </span>
    </p>
   </div>
  </div>
 </body>
</html>
