3023 4942
998 417 1350 468 nm‘romss.
1429 418 1594 468 car.
1638 417 1741 469 ιν.
1809 477 1818 485 ‚
2330 403 2462 472 369

267 580 343 630 se
401 583 639 647 gerens
680 563 901 649 ipsius
944 562 1220 641 domini,
1281 560 1706 648 Pallasque,
1736 564 2070 647 praetoriis
2118 583 2465 633 ornamen-

266 670 356 733 tis
382 667 949 749 ¹¹-sublimatus;‘
993 658 1166 732 adeo
1219 664 1487 744 divites,
1535 675 1631 744 ut,
1683 673 1997 732 causante
2038 687 2121 734 eo
2167 671 2466 753 inopiam

267 769 443 847 fisci,
473 770 893 853 lepidissime
936 770 1199 835 famoso
1246 769 1513 852 elogio⁸
1558 769 1898 853 vulgatum
1943 769 2056 849 sit,
2087 771 2352 836 abunde
2398 772 2467 837 ei
2519 819 2522 832 ,

267 873 624 955 pecuniam
664 871 832 951 fore,
865 873 926 937 si
963 892 1005 936 a
1035 873 1292 937 duobus
1322 871 1584 937 libertis
1611 873 1681 936 in
1711 864 2105 937 societatem
2136 875 2463 958 recipere-

266 980 390 1038 tur.
510 973 618 1039 10.
681 974 913 1059 Hujus
969 974 1380 1057 temporibus
1431 974 1624 1039 visus
1685 981 1794 1041 est
1849 974 2034 1058 apud
2093 975 2465 1060 AEgyptum

265 1075 577 1158 phoenix,
634 1093 838 1161 quam
899 1076 1503 1143 volucremnfemnt
1563 1097 1736 1142 anno
1789 1079 2333 1164 quingentesimo
2375 1096 2466 1142 ex

268 1174 521 1243 Arabis
589 1184 991 1246 memoratos
1056 1176 1292 1243 locos‘
1359 1179 1715 1244 advolare:
1805 1186 2009 1261 atque
2079 1181 2149 1244 in
2221 1181 2466 1262 AEgaeo

268 1279 436 1343 mari
485 1287 758 1366 repente
802 1281 1023 1345 insula
1069 1282 1359 1346 emersit.
1446 1281 1556 1345 ll.
1603 1281 1744 1347 Hic
1788 1281 2247 1366 Agrippinam,
2293 1280 2467 1346 Ger-

267 1381 518 1446 manici
544 1381 764 1452 fratris
811 1384 919 1448 sui
946 1383 1196 1462 filiam,
1228 1403 1506 1449 uxorem
1555 1383 1754 1449 duxit
1777 1407 1792 1447 :
1815 1404 1992 1468 ·quae
2022 1384 2163 1447 filio
2187 1391 2215 1419 ¹²
2258 1386 2466 1467 impe-

265 1481 433 1546 rium
465 1503 853 1567 procuranS,
905 1486 1121 1569 primo
1164 1487 1509 1570 privignos
1533 1496 1560 1523 ¹
1606 1486 1872 1552 insidiis
1922 1486 2471 1560 multiformibuS,

269 1582 508 1650 dehinc
538 1587 761 1670 ipsum
793 1587 1141 1673 conjugem
1172 1582 1430 1655 'veneno
1455 1589 1810 1655 interemit.
1872 1590 1980 1653 12.
2024 1586 2230 1653 Vixit
2253 1605 2466 1657 annos

269 1689 628 1771 sexaginta
650 1697 940 1774 quatuor
963 1699 1027 1754 :y
1071 1690 1179 1776 cuj
1189 1712 1264 1758 us
1291 1692 1523 1772 funus,
1546 1698 1621 1757 ut
1649 1691 1989 1777 quondam
2006 1691 2076 1756 in
2096 1689 2469 1773 Tarquinio

1186 1841 1547 1863 mOOOOOONO

269 1920 540 1984 Polybium.
608 1919 761 1970 Adde
792 1921 1096 1972 Suetonium
1139 1921 1324 1971 Claud.
1367 1936 1483 1985 cap.
1523 1922 1624 1973 283
1656 1922 1935 1973 Arnim—9
1968 1922 2122 1972 Dives
2160 1935 2258 1986 pro
2294 1919 2470 1970 divites

270 1985 555 2035 Leid.1.et
592 1986 712 2035 edd.
740 1995 859 2035 ante
902 1988 1108 2036 Sclnott.
1130 1988 1404 2049 audacter,
1432 1988 1616 2050 judice
1641 1988 1824 2038 Arntz.
1858 1990 1873 2017 ⁸
1893 1989 2157 2050 Scriptum
2183 1984 2323 2035 forte
2355 1992 2472 2035 erat

268 2050 428 2109 dites,·
465 2051 601 2100 unde
625 2051 788 2113 inepti
814 2052 1009 2102 librarii
1035 2053 1284 2101 audacter
1307 2067 1399 2100 suo
1419 2055 1715 2108 moredives
1734 2053 1975 2102 fecerunt
1995 2068 2009 2100 ι
2031 2052 2109 2100 ἐἰσ
2132 2051 2267 2100 enim
2291 2059 2475 2108 conta-

269 2116 467 2163 minare
490 2124 731 2179 tanquam
761 2117 985 2181 Harpyis
1009 2118 1263 2178 unguibus
1284 2117 1508 2178 optimos
1531 2117 1693 2168 libros
1715 2116 1920 2168 solent!
1940 2116 2276 2165 Schera—lo
2314 2117 2471 2171 Quam

257 2176 432 2238 serunt
453 2182 689 2230 volucrem
712 2180 838 2230 Ald.
858 2182 1060 2231 Schott.
1084 2182 1280 2231 Gaesb·
1304 2182 1497 2243 Delpb.
1527 2183 1712 2232 Pitisc.
1737 2183 1918 2232 Arntz.
1984 2181 2114 2230 Mox
2134 2186 2149 2208 ‘
2172 2179 2256 2228 Ex
2291 2180 2473 2229 Arabis

270 2250 551 2293 memoratos
573 2248 712 2295 locos.
759 2246 822 2294 In
844 2246 1030 2297 Arabia
1053 2247 1153 2296 alii.
1222 2246 1530 2295 Pitboeanus
1565 2254 1621 2296 et
1660 2247 1971 2311 Cujacianus
2002 2244 2154 2294 codd.
2189 2258 2252 2293 ex
2272 2243 2470 2295 Arabis.

270 2307 618 2359 Floriacensis
645 2325 765 2359 vero
787 2326 851 2359 ex
868 2311 1081 2360 Arabum
1103 2311 1372 2360 memoratis
1393 2311 1547 2360 locis.'
1574 2313 1782 2361 Schott.

267 2371 399 2422 Mas.
435 2375 609 2423 Arabia
631 2383 720 2424 ant
746 2376 977 2435 Arabum,
1002 2377 1053 2425 in
1080 2391 1182 2424 uno
1204 2384 1461 2438 praeterea
1482 2377 1754 2426 memoratis
1775 2376 1922 2434 locis,·
1956 2374 2067 2423 fere
2090 2374 2323 2434 suspicor
2344 2374 2469 2422 acri-

269 2436 496 2489 bendum
533 2455 595 2489 ex
626 2438 839 2503 Arabum
863 2441 1134 2491 memoratis
1172 2439 1320 2490 locis!
1355 2440 1572 2490 Gruter.
1636 2441 1652 2468 ‘
1676 2441 1891 2490 Gruteri
1912 2439 2260 2504 suspicionem
2283 2437 2471 2489 confir·

268 2511 377 2553 mat
397 2504 547 2552 Leid.
568 2509 617 2554 1.
636 2506 719 2570 qui
752 2507 904 2569 plane
930 2509 1004 2555 ita
1030 2508 1192 2567 legitg
1228 2506 1315 2555 sed
1342 2506 1565 2555 diximus
1597 2507 1708 2570 jam
1754 2521 1910 2569 supra
1935 2506 1998 2555 ad
2037 2506 2231 2553 Caesar.
2264 2516 2382 2567 cap.
2418 2506 2471 2553 4.

269 2570 298 2631 ς
341 2572 419 2619 14.
453 2584 627 2618 veram
671 2585 786 2619 esse
824 2572 1100 2620 lectionem
1139 2586 1201 2619 ex
1246 2570 1427 2620 Arabis
1463 2577 1744 2620 memoratu
1787 2574 1941 2620 locos.-
1992 2567 2250 2633 quomodo
2294 2566 2473 2619 Guelf-

217 2650 233 2661 ‘
269 2634 417 2684 Leid.
458 2638 513 2683 2.
556 2642 611 2684 et
655 2633 846 2684 Aldina
880 2635 981 2686 ed.’
1033 2637 1335 2686 Arntze-—ll
1393 2635 1548 2685 ‘Hic.
1605 2636 1941 2699 conjeceram
1984 2633 2265 2697 legendnm
2312 2633 2476 2682 Hinc.-

270 2711 425 2759 quam
446 2699 731 2750 lectionem
757 2710 945 2766 postea
967 2699 1032 2750 ab
1058 2700 1364 2765 Augustano
1385 2701 1574 2751 codice
1610 2700 1970 2751 confirmatam
2007 2700 2234 2750 libenter
2255 2696 2476 2763 accepi.²

270 2762 463 2813 Scholi-

1260 2828 1479 2881 NOTAE

1847 2320 1861 2339 ‘
1886 2313 2012 2359 Cum
2038 2310 2105 2358 sit
2144 2309 2195 2357 in
2233 2309 2470 2357 omnibus
2539 2331 2542 2334 ·

271 2924 400 2976 ibid.
447 2926 588 2976 ‘Sed
629 2935 751 2977 ante
808 2941 987 2977 omnes
1033 2927 1335 2977 Narcissum

274 3005 340 3054 ab
363 3007 618 3071 epistolis,
654 3015 708 3056 et
743 3007 1037 3056 Pallantem
1061 3022 1092 3056 a
1124 3006 1337 3055 rationi-

274 3080 406 3135 bus:
443 3098 574 3149 quos
619 3084 833 3133 decreto
875 3098 1080 3149 qnoque
1124 3091 1336 3132 senatus

272 3170 374 3208 non
421 3160 645 3223 praemiis
688 3161 841 3210 modo
886 3158 1208 3224 ingentibus;
1243 3157 1334 3207 sed

276 3241 332 3283 et
352 3236 646 3299 quaestoriis
670 3236 1032 3299 proetoriisque
1067 3249 1336 3284 ornamen-

275 3307 342 3356 tis
372 3309 548 3358 ornari
586 3308 809 3357 libenter
859 3324 1041 3372 passus
1075 3317 1186 3369 est3
1223 3317 1335 3358 tan-

277 3390 387 3434 tum
431 3392 692 3450 praterea
735 3386 1003 3449 acquirere
1041 3393 1094 3435 et
1131 3399 1335 3448 rapere,

276 3466 335 3511 ut
357 3470 607 3526 querente
629 3475 694 3510 eo
724 3462 980 3526 quondam
1005 3463 1070 3512 de
1093 3462 1205 3511 fisci
1228 3464 1338 3512 exi·

279 3538 501 3599 gnitate,
523 3553 625 3588 non
652 3537 878 3588 absurde
912 3540 980 3586 sit
1016 3539 1211 3588 dictum
1255 3539 1338 3599 ab,

278 3613 609 3671 undaturnm‚
653 3616 701 3663 si
733 3629 766 3663 a
806 3614 1005 3663 duobus
1040 3616 1240 3665 libertis
1281 3618 1336 3665 in

279 3691 593 3740 consortium
647 3690 1002 3752 reciperetur.’
1082 3693 1169 3740 De
1216 3693 1338 3741 Pal-

280 3763 422 3814 lante
464 3767 577 3830 lege
612 3766 748 3815 Plin.
792 3767 959 3830 Epist.
996 3767 1085 3817 lib.
1107 3781 1210 3817 vn.
1249 3783 1337 3833 ep.

279 3840 363 3888 29.
386 3847 443 3889 et
463 3841 555 3888 lib.
576 3854 707 3890 vur.
727 3856 811 3904 ep.
834 3845 885 3890 6.

342 3922 367 3957 ⁴1
398 3916 653 3965 Proetoriis
703 3916 1013 3981 ornamentis]
1067 3917 1343 3969 Praetexta

280 3995 422 4115 ruga,
462 3994 590 4043 sella
626 3995 815 4058 curuli,
851 3995 1139 4059 lictoribus,
1184 3994 1347 4047 fasci·

352 4081 394 4116 a.

344 4148 365 4176 ¹·
395 4142 711 4210 Sublimem]
745 4146 807 4195 Id
841 4151 939 4204 est,
980 4152 994 4175 ⁸
1017 4146 1226 4210 elatus,'
1256 4147 1343 4197 ‘e-
1376 4212 1381 4217 ³

286 4220 498 4269 vectus!
532 4222 677 4271 Fest.
703 4224 719 4250 ‘
737 4223 1065 4284 sublimavit,
1088 4223 1222 4274 dixit
1245 4224 1342 4274 Ca-

1409 2927 1502 2977 lib.
1541 2941 1605 2977 rr.
1669 2927 1733 2979 In
1776 2927 2053 2977 maximnm
2097 2925 2284 2983 decus,
2310 2929 2471 2988 atque

1409 3004 1462 3053 in
1489 3004 1892 3053 excelsissimam
1917 3002 2278 3052 claritudinem
2311 2999 2474 3049 anbli-

1407 3079 1590 3129 mavit.
1680 3079 1745 3128 Id
1788 3088 1960 3128 autem
2005 3078 2195 3127 dicitur
2231 3092 2265 3127 a
2298 3076 2476 3126 limina

1408 3156 1683 3218 superiori,
1706 3155 1826 3220 quia
1849 3170 2003 3219 supra
2024 3169 2119 3203 nos
2141 3152 2255 3204 est-⁹

1470 3237 1489 3262 ⁵
1520 3230 1717 3294 Elegio]
1753 3231 2026 3294 Eloquium
2060 3230 2146 3280 hic
2183 3235 2265 3280 est
2299 3228 2470 3280 brevis

1406 3305 1701 3369 inscriptio,
1726 3308 1926 3356 titulus.

1468 3383 1486 3415 ‘
1518 3383 1603 3431 Ex
1622 3382 1803 3431 Arabis
1836 3380 2067 3445 [Arabia]
2102 3385 2380 3430 memoratos
2405 3380 2474 3431 lo·

1406 3455 1508 3519 cos]
1544 3459 1655 3506 ‘Ex
1699 3456 1910 3506 Arabiae
1951 3458 2246 3508 memoratis
2288 3458 2418 3507 locis
2440 3453 2474 3503 ι’

1408 3533 1533 3582 vide
1588 3535 1640 3583 in
1691 3533 1943 3584 Caesarib.
2031 3533 2095 3584 In
2151 3532 2473 3584 Floriacensi

1410 3609 1532 3660 cod.
1554 3625 1615 3661 ex
1637 3611 1851 3661 Arabum
1874 3609 2142 3660 memoratis
2162 3609 2300 3660 loeis.

1472 3694 1496 3720 ¹¹
1531 3688 1688 3752 Filio]
1736 3689 1955 3737 Neroni.

1469 3771 1498 3797 ¹
1530 3762 1818 3826 Privignus]
1877 3763 1998 3812 Non
2036 3763 2245 3812 memini
2281 3776 2366 3813 me
2400 3762 2475 3812 le·

1408 3840 1546 3903 gisae
1571 3840 1912 3903 Agrippinam
1951 3839 2156 3889 Claudii
2182 3838 2317 3888 filios
2352 3839 2476 3888 insi·

1413 3916 1514 3965 diis
1539 3917 1788 3978 petiisse3
1825 3928 1940 3962 nam
1977 3914 2340 3964 Britannicum
2363 3914 2473 3967 Ne-

1414 4006 1491 4052 ro,
1535 4006 1635 4040 non
1684 3990 1995 4054 Agrippina,
2042 4004 2237 4040 veneno
2277 3991 2475 4040 intere-

1414 4068 1526 4117 mit.

1475 4151 1499 4186 5
1531 4142 1697 4192 Annos
1717 4143 1984 4207 sexaginta
2009 4140 2250 4210 φαίνοι-1
2267 4142 2475 4193 Desunt

1413 4234 1616 4271 menses
1634 4223 1683 4270 9.

285 4293 367 4351 to,
386 4296 436 4345 id
461 4299 614 4346 estin
640 4299 810 4348 ‘altum
835 4300 1044 4356 extulit,
1071 4299 1344 4365 Originum
1417 4341 1423 4347 .

412 4377 586 4445 Delph.
605 4383 655 4428 et
682 4379 796 4430 Var.
820 4381 949 4431 Clas.

1245 4382 1371 4445 Ager.
1404 4381 1533 4432 Vict.

2222 4375 2345 4429 ΒΑ
