3023 4942
519 406 652 471 400
1121 422 1349 473 sssxrr
1396 414 1726 476 Aunss‘mi
1773 427 2132 478 moronis

523 565 849 643 consiliiS,
911 570 1227 650 tanquam
1284 566 1635 635 medicinae
1696 569 2025 647 remediiS,
2079 570 2440 639 leniantur.
2538 576 2605 641 5.
2647 576 2716 642 Is

521 671 976 753 propinquum
1022 676 1270 743 suum‚⁸
1316 667 1603 733 Lucium
1645 668 1940 736 Annium
1983 671 2265 752 Verum,
2315 676 2403 740 ad
2455 676 2718 763 imperii

519 780 776 855 partem
806 789 983 835 novo
1013 770 1497 836 benevolentiae
1528 792 1765 854 genere
1796 774 2063 840 ascivit.
2112 775 2252 855 Qui
2280 776 2533 857 VeruS,
2551 782 2719 845 inter

519 873 829 939 Altinum
870 880 1079 957 atque
1110 870 1579 938 Concordiam
1604 871 1630 910 ¹¹
1678 876 1810 940 iter
1845 875 2127 957 facienS,
2154 879 2295 944 ictu
2340 881 2725 966 sanguinis}

523 1000 729 1064 quem
758 978 1067 1044 morbum
1098 976 1328 1042 Graeci
1361 973 1678 1056 ἀπόπληξιν
1709 987 1981 1060 vocant,
2013 980 2374 1050 undecimo
2397 980 2423 1019 ¹⁸
2456 986 2719 1069 imperii

523 1101 704 1148 anno
753 1079 1096 1144 extinctus
1146 1087 1273 1144 est.
1359 1080 1423 1144 6.
1470 1078 1901 1160 carminum)
1941 1084 2239 1149 maxime
2290 1088 2719 1169 tragicorum

520 1184 897 1261 studiosae,
924 1180 1167 1263 ingenii
1196 1181 1420 1265 asperi
1451 1188 1653 1265 atque
1682 1182 1992 1247 lascivi.m
2037 1185 2207 1251 Post
2232 1187 2429 1271 cujus
2461 1188 2719 1253 obitum

519 1286 797 1351 Marcus
843 1282 1221 1349 Antoninus
1265 1283 1751 1366 rempublicam
1787 1284 1975 1351 solus
2016 1289 2248 1353 tenuit.

519 1388 746 1472 cipio¹³
793 1389 953 1452 vitae
1005 1384 1616 1469 tranquillissimus,
1650 1385 1843 1464 adeo,
1873 1395 1949 1452 ut
1996 1390 2083 1452 ab
2133 1390 2417 1455 infantia
2455 1391 2717 1457 vultum

516 1509 642 1555 nec
688 1510 777 1556 ex
824 1489 1101 1573 gaudio,
1150 1507 1270 1552 nec
1314 1506 1402 1552 ex
1448 1507 1731 1553 moerore
1776 1492 2154 1557 mutaverit.
2244 1491 2715 1578 Philosophiae

1426 1654 1455 1673 0
1460 1653 1517 1673 ‘O
1522 1653 1547 1673 O
1552 1653 1669 1673 0000
1674 1654 1793 1675 OOOO

514 1751 730 1816 Pitise.]
776 1768 806 1801 e
841 1752 957 1802 cod.
995 1750 1189 1801 Veron.
1230 1750 1469 1802 ediderat
1501 1754 1694 1804 aliunde
1728 1755 1846 1818 quid
1880 1754 2145 1805 hominibus
2176 1755 2471 1819 incognitum
2506 1772 2564 1806 ea
2594 1760 2720 1807 mala

511 1817 715 1879 gignit:
738 1817 888 1866 Harl.
920 1816 1131 1867 Aliunde
1154 1818 1275 1867 Ald.
1299 1832 1416 1867 cum
1439 1819 1554 1868 aliis
1578 1828 1774 1882 proeter
1796 1821 1918 1883 Bip.
1970 1820 2110 1869 Vide
2136 1820 2289 1869 Nott.
2310 1821 2436 1870 Var.
2502 1822 2630 1871 Mox
2653 1825 2717 1871 le-

513 1882 680 1932 niatur
700 1883 902 1932 Schott.
925 1882 1120 1933 Gaesi».
1147 1882 1341 1944 Delph.
1361 1882 1552 1935 Pitisc.
1574 1893 1758 1934 contra
1785 1883 1909 1933 Ald.
1932 1891 1989 1933 et
2008 1886 2235 1935 Mam—5
2270 1886 2334 1935 L.
2357 1886 2598 1935 Annoeum
2630 1888 2721 1937 Ve-

512 1958 622 1995 rum
639 1948 925 1997 Veroneus.
989 1947 1202 1995 Annium
1226 1948 1424 1997 omittit
1458 1948 1612 1998 Leid.
1639 1953 1686 1999 1.
1754 1949 1884 2000 Mox
1919 1951 2055 2007 ‘Qui
2094 1950 2245 2001 Verus
2273 1952 2423 2001 inter.
2456 1950 2719 2015 Augusta-

513 2025 612 2059 nus
633 2012 751 2061 cod.
789 2012 888 2068 Qui
921 2013 1152 2062 Veronam
1171 2013 1300 2062 inter
1319 2018 1460 2077 atque
1484 2014 1821 2078 Concordiam,
1841 2022 2107 2079 corrupte,
2143 2023 2203 2064 ut
2226 2023 2375 2079 patet
2397 2029 2463 2064 ex
2501 2018 2719 2080 Capito·

512 2076 659 2126 lino.'
686 2075 874 2126 δώσει.
938 2078 1070 2126 Tum
1103 2085 1118 2106 ·
1137 2078 1190 2125 Si
1213 2078 1326 2141 quis
1346 2080 1665 2139 conjecturae
1684 2080 1853 2139 locus,
1884 2081 1987 2129 ictu
2006 2080 2258 2142 sanguinis
2276 2094 2553 2143 superesse
2575 2082 2716 2131 vide·

512 2149 634 2201 tur3
668 2142 1046 2206 legendumque
1067 2142 1228 2190 morbo
1250 2155 1386 2205 quem
1421 2142 1587 2192 Groeci
1622 2141 1888 2206 ἄπότληξιν
1920 2145 2267 2208 (Veronensis
2297 2144 2621 2211 ἂποπληξίαν)
2641 2162 2721 2195 oo·

508 2205 660 2256 cm?
693 2208 899 2258 Schott.
967 2207 1280 2270 conjecerat
1323 2207 1448 2256 olim
1484 2209 1670 2258 Arntz.
1703 2209 1805 2257 ictu
1823 2208 2068 2269 fulminis.
2124 2210 2267 2259 Vide
2302 2211 2455 2260 Nott.
2492 2212 2718 2264 Van—6

517 2271 830 2332 Tragicorum
860 2280 921 2321 ut
957 2280 1258 2334 suspectum
1296 2273 1349 2321 in
1384 2273 1532 2322 uncis
1570 2272 1844 2323 includunt
1864 2274 2281 2324 Senon-Gaesi).
2314 2276 2511 2338 Delph.
2532 2276 2718 2325 Pitisc.

509 2334 663 2384 Infra
683 2337 884 2387 Marcus
907 2335 1144 2386 Antonius
1161 2336 1279 2385 And.
1302 2346 1361 2386 ut
1384 2346 1535 2387 antea
1557 2344 1908 2388 notatum—'¹1
1941 2340 2007 2388 Τὸ
2024 2340 2360 2402 onlwmquod
2381 2356 2412 2389 a
2426 2341 2719 2390 Veronensi

513 2401 661 2451 abest
699 2403 752 2451 in
790 2402 939 2451 uncis
964 2401 1239 2452 includunt
1259 2402 1461 2453 Schott.
1487 2403 1685 2454 Gaesb.
1710 2404 1903 2468 Delph.
1925 2404 2109 2454 Pitisc.
2170 2406 2301 2460 Mox
2334 2421 2366 2455 a
2390 2406 2583 2457 Veron.
2609 2413 2718 2457 ut'e

1501 2535 1716 2586 NOTAE

2335 1291 2399 1354 7.
2446 1288 2511 1353 A
2541 1292 2716 1374 prin·
2821 1368 2824 1370 ‚

574 2639 601 2674 ε
636 2630 960 2696 Propinquum
978 2630 1139 2695 suum]
1173 2633 1370 2683 Fratris
1395 2633 1573 2683 uxoris

510 2722 617 2760 auae
639 2710 820 2762 filium.
870 2713 1008 2763 Vide
1030 2714 1084 2761 in
1108 2713 1360 2763 Caesarib.

575 2784 600 2818 ¹¹
637 2787 972 2850 Concordiam]
1010 2788 1302 2839 Concordia
1338 2789 1461 2839 urbs
1500 2790 1571 2837 A·

510 2862 754 2926 quileiam
780 2864 917 2913 inter
938 2872 991 2913 et
1012 2863 1264 2914 Altinum.

579 2937 594 2971 ί
625 2939 734 2987 Ictu
765 2939 1039 3005 sanguinis]
1088 2941 1310 3003 Eutrop.
1348 2940 1366 2968 ‘
1390 2940 1573 2991 Subito

506 3015 758 3078 sanguine
812 3015 967 3080 ictus,
1015 3031 1139 3067 casn
1193 3017 1361 3067 morbi
1419 3033 1575 3081 quem

508 3090 685 3141 Graeci
709 3094 984 3156 apoplexin
1019 3093 1247 3144 vocant!
1312 3095 1465 3146 Quod
1499 3095 1571 3144 ic-

507 3172 616 3216 tum
651 3169 914 3231 sanguinis
939 3170 1025 3219 hic
1047 3178 1218 3230 vocat,
1240 3171 1428 3221 Victor
1449 3171 1573 3221 alibi

507 3243 756 3307 impetum
795 3245 1058 3308 sanguinis
1092 3244 1225 3297 dixit
1261 3247 1310 3295 in
1343 3247 1575 3297 Valenti-

506 3318 692 3368 nianox
732 3322 747 3348 ‘
766 3321 970 3384 impetu
990 3321 1252 3384 sanguinis
1268 3336 1394 3372 voce
1420 3323 1572 3372 amis-

508 3408 567 3443 sa
589 3409 741 3444 sensu
766 3396 968 3460 integer
991 3395 1288 3459 expiravit.’
1345 3398 1409 3446 In
1433 3397 1571 3461 ejus-

506 3471 835 3521 mediantem
857 3471 1042 3522 subitis
1061 3481 1117 3520 et
1136 3473 1421 3536 repentinis
1439 3489 1571 3523 mor·

504 3546 602 3602 bis,
624 3545 932 3610 frequenter
953 3555 1008 3598 et
1043 3550 1058 3576 ‘
1078 3548 1244 3599 ictus·
1277 3556 1335 3600 et
1367 3552 1384 3580 ⁸
1406 3551 1571 3614 impe·

507 3621 628 3671 tus'
675 3624 966 3674 nominibus
990 3630 1244 3688 ,utuntur‚
1289 3627 1471 3689 quibus
1511 3630 1571 3677 τὸ

505 3697 867 3758 &noranta-mov
886 3702 1186 3764 exprimunt
1206 3703 1372 3753 morbi
1391 3719 1571 3767 genus.

507 3774 628 3824 Nec
658 3775 868 3825 dubium
905 3778 1026 3840 quin
1062 3776 1350 3840 ἅπτου-λήξεις
1379 3788 1573 3831 vocent

505 3851 761 3916 ejusmodi
781 3855 986 3916 species
1004 3854 1318 3917 morborum,
1332 3871 1425 3919 per
1441 3871 1569 3920 quas

502 3926 705 3990 impetu
746 3930 944 3985 ruentis
985 3931 1246 3993 sanguinis
1290 3940 1346 3980 et
1383 3932 1570 3983 vitales

503 4002 616 4052 vias
655 4003 972 4057 obstruentis
1012 4016 1277 4057 momento
1315 4007 1430 4072 quis
1469 4011 1570 4059 eri·

505 4079 651 4140 pitur
693 4087 750 4129 et
804 4078 1102 4134 suffocatur.
1168 4084 1373 4133 Salmas.
1430 4085 1567 4149 apud

505 4154 790 4223 Capitolin-

573 4226 596 4259 ¹‘
627 4229 906 4296 Undecimo]
938 4231 1026 4281 Sic
1048 4232 1334 4296 Capitolio.
1359 4241 1375 4263 ‘
1396 4235 1570 4298 Impe-

507 4305 644 4354 ravit
665 4320 782 4356 cum
801 4305 965 4360 fratre
987 4309 1134 4360 annis
1157 4310 1432 4361 undecim.'
1463 4311 1570 4362 Sed

1654 2631 1839 2682 falsum
1866 2639 1978 2683 est:
2017 2647 2135 2683 nam
2169 2646 2356 2685 novem
2390 2640 2596 2683 tantum
2631 2649 2719 2684 nu·

1652 2716 1936 2759 merantur.

1720 2784 1733 2817 ¹
1769 2786 2069 2850 Car-minum]
2102 2785 2331 2850 Capitol.
2350 2784 2401 2834 in
2426 2785 2584 2843 Vero,
2609 2786 2625 2814 ‘
2644 2784 2716 2834 A·

1653 2862 1814 2911 mavit
1850 2870 2023 2914 autem
2063 2862 2116 2911 in
2161 2862 2389 2925 pueritia
2428 2876 2607 2910 versus
2643 2860 2718 2910 fa-

1654 2952 1793 2997 cere,
1817 2946 1935 3002 post
1956 2937 2256 2992 orationes,'
2278 2942 2378 2987 &c-

1718 3022 1755 3048 Φ
1778 3015 1975 3076 Ingenii
1993 3015 2153 3078 asperi
2174 3020 2315 3077 atque
2336 3014 2526 3077 lascivi]
2561 3013 2716 3076 Inge-

1652 3091 1725 3141 nii
1749 3093 1920 3155 asperi
1941 3091 2098 3141 fuisse
2121 3091 2200 3139 bis
2226 3090 2397 3140 verbis
2421 3090 2590 3138 innuit
2613 3091 2717 3138 Eu·

1654 3175 1791 3230 trop.
1826 3168 1842 3194 ⁴
1864 3168 1960 3217 Vir
1993 3167 2186 3229 ingenii
2223 3180 2403 3229 parum
2428 3166 2612 3223 civim,
2638 3181 2714 3215 re-

1653 3242 1890 3292 verentia
1923 3248 2097 3292 tamen
2131 3240 2311 3290 fratris
2342 3241 2467 3289 nihil
2491 3255 2715 3305 unquam

1654 3327 1803 3370 atrox
1828 3319 2015 3369 ausus)
2070 3319 2269 3368 Contra
2293 3326 2466 3366 tamen
2491 3317 2715 3379 Capitol.

1650 3396 1703 3444 in
1725 3397 1897 3445 Vero:
1933 3397 1949 3424 ‘
1966 3395 2088 3444 Fuit
2108 3393 2465 3456 voluptuarius
2488 3401 2543 3441 et
2566 3393 2714 3441 nimis

1651 3473 1826 3533 laetus,
1862 3477 1916 3521 et
1950 3471 2188 3520 omnibus
2221 3468 2444 3531 deliciis,
2464 3468 2620 3529 ludis,
2633 3468 2714 3532 jo-

1651 3549 1748 3610 cis,
1767 3549 2019 3598 decenter
2041 3544 2375 3611 aptissimus!

1715 3633 1741 3659 ¹¹
1771 3626 1818 3674 A
1849 3624 2109 3688 principio]
2147 3623 2230 3672 Ad
2255 3620 2470 3671 verbum
2494 3622 2717 3685 Eutrop.

1652 3700 1668 3730 ‘
1694 3717 1726 3749 a
1772 3703 2029 3765 principio
2077 3701 2201 3750 vitae
2247 3698 2714 3762 tranquillissimus,

1654 3779 1784 3828 adeo
1822 3786 1883 3828 ut
1920 3780 1970 3827 in
2016 3775 2237 3827 infantia
2272 3789 2477 3841 quoque
2518 3777 2714 3824 vultum

1651 3869 1749 3904 nec
1773 3869 1838 3904 ex
1864 3854 2073 3917 gaudio,
2095 3866 2193 3902 nec
2215 3867 2282 3901 ex
2310 3864 2528 3899 moerore
2554 3857 2715 3898 muta·

1653 3937 1763 3980 ret:
1799 3929 2137 3994 philosophiae
2159 3926 2368 3978 deditus
2385 3925 2714 3982 stoicae,’&c.

1653 4020 1769 4070 quae
1806 4020 1875 4055 ex
1910 4006 2194 4068 capitolin.
2228 4004 2245 4032 ‘
2268 4005 2399 4052 Erat
2432 4003 2568 4051 enim
2606 4003 2712 4064 ipre

1652 4090 1814 4131 tautae
1854 4079 2262 4145 tranquillitatis,
2280 4086 2340 4127 ut
2363 4079 2562 4127 vultum
2590 4089 2713 4125 nun·

1559 4183 1566 4191 ‹
1652 4171 1804 4220 quam
1829 4157 2112 4206 mutaverit
2139 4169 2376 4210 moerore,
2401 4155 2485 4204 vel
2509 4152 2712 4220 gaudio,

1651 4232 1988 4297 philosophia:
2012 4230 2221 4282 deditus
2243 4228 2458 4281 stoicae.’
