3023 4942
494 386 623 454 132
1092 389 1319 450 sax-ri
1367 398 1695 450 anunm
1745 395 2101 448 vlc'leS

1272 656 1484 722 CAP.
1545 654 1924 723 XXVIII.

1100 827 1169 873 T.
1216 827 1375 874 MAN
1395 826 1568 875 mus
1613 826 2096 888 TORQUATUS.

496 978 923 1031 Aaouutmux.
988 974 1208 1032 Audito.
1230 975 1367 1040 patri
1389 974 1526 1025 diem
1549 990 1581 1024 a
1601 975 1895 1040 Pomponio
1915 974 2134 1041 dietam,
2157 973 2426 1027 dimittere
2457 991 2575 1028 eum
2609 985 2698 1028 ecs

557 1062 899 1122 cusationem,
923 1072 954 1107 a
970 1066 1124 1123 patre
1141 1070 1231 1108 rus
1251 1057 1532 1121 relegatus,
1553 1066 1711 1108 nocte
1732 1057 1930 1109 Urbem
1951 1064 2137 1124 petens
2155 1057 2342 1109 stricto
2354 1057 2531 1122 gladio
2556 1073 2699 1108 com·

558 1141 741 1206 pellit3
786 1139 993 1191 Gallum
1010 1145 1410 1203 provocatorem
1432 1138 1659 1198 occidit3
1695 1138 1831 1190 bello
1852 1139 2040 1190 Latino
2062 1138 2225 1190 filium
2248 1139 2419 1191 securi
2442 1139 2704 1205 percutit,

558 1227 614 1272 et
633 1221 809 1272 hostes
834 1226 1047 1284 superat
1066 1215 1132 1269 Τ.
1150 1217 1381 1270 Manlius
1406 1214 1722 1284 Torquatus.
2680 1217 2687 1222 ’

578 1360 646 1425 1.
690 1361 931 1426 Ti‘rus
976 1358 1354 1426 MANmus
1400 1357 1903 1439 TORQUATUS‚
1948 1361 2039 1425 ob
2068 1357 2321 1444 ingenii
2353 1364 2419 1425 et
2443 1357 2696 1448 linguae

490 1462 923 1528 tarditatem·
969 1481 1013 1527 a
1039 1469 1236 1547 patre
1259 1458 1287 1498 ¹'
1332 1476 1446 1526 rus
1485 1460 1845 1544 relegatuS,
1873 1480 2024 1526 cum
2071 1461 2380 1527 audisset
2406 1459 2472 1524 ei
2512 1458 2698 1524 diem

492 1564 788 1630 dictame
823 1584 867 1629 a
897 1559 1323 1648 Pomponio<1
1368 1563 1637 1628 tribuno
1674 1563 1927 1646 plebis,
1973 1569 2167 1629 nocte
2194 1561 2446 1628 Urbem
2476 1561 2696 1646 petiit.

488 1665 557 1730 2.
604 1666 949 1732 Secretum
998 1665 1407 1752 colloquium
1459 1685 1503 1730 a
1554 1665 1825 1730 tribuno
1877 1665 2293 1750 impetravit,
2344 1673 2414 1729 et
2464 1663 2695 1749 gladio

490 1768 719 1835 stricto
749 1770 1073 1834 dimittere
1103 1789 1255 1834 eum
1287 1767 1780 1834 accusationem
1797 1776 1821 1804 ⁸
1849 1775 2094 1833 terrore
2117 1767 2326 1833 multo
2349 1766 2700 1850 compulit.

490 1868 554 1934 3.
598 1869 904 1954 Sulpicio
937 1870 1262 1937 dictatore
1285 1867 1307 1906 ¹
1340 1870 1648 1935 tribunus
1674 1870 1961 1936 militum
1990 1869 2266 1936 Gallum
2295 1874 2698 1953 provocato-

489 1979 678 2036 remss
724 1973 998 2039 occidit.
1085 1973 1431 2056 Torquem
1474 1972 1544 2036 ei
1587 1971 1961 2037 detractum
1999 1972 2242 2038 cervici
2276 1990 2423 2037 suae
2456 1969 2697 2034 induit.

487 2077 553 2139 4.
598 2073 851 2140 Consul
871 2075 1054 2141 bello
1080 2075 1327 2139 Latino
1346 2070 1374 2109 '¹
1401 2071 1617 2139 filium
1640 2092 1861 2154 suum,
1884 2073 2070 2159 quod
2091 2080 2325 2139 contra
2340 2073 2701 2167 imperium

489 2183 884 2263 pugnasset,
920 2177 1144 2244 securi
1167 2171 1554 2261 percussit}
1634 2176 1921 2244 Latinos
1950 2176 2136 2260 apud
2163 2174 2476 2246 Veserim
2497 2171 2524 2209 ¹³
2572 2172 2700 2237 fiu-

487 2283 696 2359 vium,
768 2280 965 2345 Decii
1005 2279 1307 2363 collega}
1367 2279 1756 2361 devotione,
1823 2278 2192 2365 superavit.
2301 2279 2369 2343 5.
2433 2275 2700 2343 Consua

1417 2442 1539 2466 0000
1543 2443 1787 2466 00000000

555 2542 698 2594 ΟΑΡ.
723 2551 939 2594 xxvm.
1007 2546 1036 2592 1
1072 2543 1119 2594 A
1145 2543 1365 2608 patribus
1387 2559 1481 2608 pro
1500 2560 1534 2595 a
1549 2551 1688 2607 patre
1712 2543 1921 2608 quidam
1944 2543 2101 2594 codd.
2164 2543 2297 2595 Mox
2327 2541 2549 2594 Medici.
2571 2542 2704 2608 patri

486 2608 629 2658 diem.
693 2608 827 2657 Tum
852 2609 1076 2672 Pompeio
1097 2623 1191 2673 pro
1217 2609 1477 2673 Pomponio
1500 2611 1702 2661 Schott.
1726 2610 1927 2660 Gaesb.
1953 2609 2147 2675 Delph.
2176 2607 2365 2660 Pitlsc.
2410 2609 2549 2658 Vide
2574 2610 2626 2659 Ν
2632 2615 2706 2661 ot.

488 2672 684 2785 Delfh.
718 2673 880 2722 Noctu
904 2687 999 2733 pro
1020 2678 1156 2723 nocte
1178 2671 1399 2724 Ald.-2
1419 2675 1637 2725 Anti-icto
1658 2675 1902 2725 dimittere
1916 2674 2016 2725 Ed.
2036 2690 2117 2739 pr.
2150 2675 2316 2724 stricto
2337 2676 2555 2724 omittere
2568 2674 2704 2724 Mes.

479 2738 577 2801 qni
616 2751 698 2785 am
721 2752 808 2800 ap.
824 2737 1130 2788 sellom—8
1169 2738 1375 2803 Sulpicio
1391 2738 1446 2789 h.
1466 2741 1502 2790 l.
1526 2748 1583 2789 et
1598 2740 1789 2803 passim
1815 2739 2014 2803 lid-pr.
2029 2738 2158 2789 And.
2196 2741 2323 2789 Mox
2344 2740 2413 2788 Ei
2433 2741 2706 2790 detractum

488 2801 591 2850 Ed.
629 2816 708 2865 pr.
736 2817 933 2852 aureum
964 2805 1232 2853 detractum
1268 2805 1424 2854 Fran.
1488 2804 1680 2855 [indidit
1716 2820 1812 2869 pro
1846 2805 2005 2855 induit
2035 2806 2241 2857 Schottn.
2278 2804 2473 2857 Gaesi>-
2510 2803 2706 2868 Daph,

483 2866 772 2918 Pitisc.—5
803 2874 818 2897 ‘
840 2869 1169 2925 Consulatum,
1201 2868 1302 2931 ἔμ’.
1346 2864 1540 2920 Totum
1578 2870 1717 2920 istud
1739 2871 1876 2922 male
1909 2870 2028 2921 heic
2065 2870 2353 2927 adtextum,
2375 2878 2430 2921 et
2451 2868 2519 2919 ad
2542 2869 2702 2920 alium

1491 2998 1708 3053 NOTAE

552 3099 578 3127 ⁸
614 3092 690 3143 Ob
722 3092 911 3156 ingenii
946 3097 995 3144 et
1033 3093 1213 3156 lingua
1235 3073 1553 3161 tarditatem]
1633 3095 1650 3124 ⁸
1674 3108 1784 3159 με
1808 3109 1866 3145 se
1890 3094 2080 3145 deinde
2107 3093 2227 3146 tulit
2261 3109 2324 3145 ea
2350 3095 2409 3169 vi⁸
2429 3095 2702 3146 subactum

488 3175 503 3197 ‘
540 3168 679 3220 Quia
722 3167 1049 3221 infacundior
1093 3177 1250 3231 esset=
1280 3177 1337 3221 et
1380 3171 1558 3236 lingua
1636 3187 1692 3223 se
1728 3174 1939 3235 incepto
1972 3172 2263 3223 destitisse.
2331 3172 2449 3221 Nec
2484 3173 2704 3236 perinde

487 3240 833 3305 impromtus.’
867 3244 982 3295 Liv.
1007 3244 1101 3295 lib.
1126 3259 1232 3296 vu.
1263 3260 1387 3313 cap.
1408 3251 1459 3297 4.

555 3318 580 3352 b
614 3318 795 3382 Patre]
831 3320 891 3369 1..
915 3320 1134 3370 Manlio.

553 3403 576 3429 ο
606 3395 755 3444 Diem
774 3395 978 3459 dictam]
1012 3396 1163 3447 Diem
1184 3396 1338 3448 alicui
1359 3398 1558 3461 dicere,

487 3473 543 3524 id
580 3481 682 3536 est,
712 3473 936 3540 aliquem
969 3488 1252 3536 accusare3
1287 3476 1407 3543 qnia
1430 3485 1556 3528 tunc

488 3556 821 3600 accusatores
846 3550 945 3599 reis
966 3557 1167 3602 certum
1198 3552 1333 3601 diem
1357 3551 1558 3602 denun-

490 3624 717 3687 tiabant,
770 3638 873 3689 quo
927 3639 985 3675 se
1037 3626 1075 3674 ii
1131 3640 1304 3676 coram
1363 3628 1558 3691 populo

487 3700 758 3756 sisterent,
821 3706 883 3749 nt
937 3699 1234 3751 criminibus

490 3784 759 3827 vacarent.

553 3854 578 3889 ἃ
612 3853 876 3916 Pomponio
916 3854 1193 3918 [Pompeio]
1224 3856 1368 3919 Lege
1414 3856 1559 3905 Pom·

484 3933 648 3994 penio.
695 3931 871 3980 Livius
916 3932 1005 3982 lib.
1049 3945 1151 3981 vu.
1195 3946 1314 3996 cap.
1346 3937 1403 3982 -4,
1447 3935 1463 3961 ‘
1489 3933 1559 3985 Q.

489 4005 712 4055 Servilio
728 4006 916 4066 Ahala,
943 4007 1001 4055 1..
1017 4006 1257 4057 Genucio
1274 4007 1560 4058 secundum

491 4081 787 4132 consulibus
826 4081 938 4131 dies
976 4082 1177 4132 Manlio
1211 4082 1406 4133 dicitur
1428 4099 1459 4134 a
1483 4084 1562 4134 Μ.

492 4159 786 4221 Pomponio
806 4157 1015 4207 tribuno
1036 4158 1233 4221 plebis.'

559 4245 580 4270 ι·
595 4235 857 4286 Dimittcre
868 4232 974 4285 eum
985 4236 1355 4301 accusationem]
1372 4237 1561 4304 Immo,

1300 3699 1559 3752 diluendis

1638 3255 1697 3298 ut
1719 3240 1983 3297 maluisset
2006 3248 2205 3312 plebes,
2238 3246 2338 3297 sibi
2367 3244 2605 3310 suffragii
2629 3247 2707 3296 fe·

1637 3323 1787 3373 rendi
1810 3322 1875 3371 de
1898 3329 2006 3373 tam
2041 3323 2239 3374 crudeli
2268 3331 2325 3374 et
2359 3322 2588 3389 superbo
2611 3321 2704 3374 reo'

1637 3407 1954 3464 potestatem
1974 3397 2127 3451 fleri!
2160 3396 2354 3450 Livius.

1703 3473 1723 3509 ¹
1749 3470 1960 3539 Sulpicio
1990 3476 2245 3540 dictatore]
2282 3475 2449 3525 Immo
2482 3481 2612 3528 tunc
2644 3478 2705 3527 T.

1638 3550 1867 3603 Quintus
1908 3549 2118 3602 Pennus
2160 3551 2393 3602 dictator
2433 3551 2555 3608 fuit,
2588 3553 2707 3605 Liv.

1638 3627 1731 3675 lib.
1756 3641 1858 3678 vu.
1879 3641 1996 3692 cap.
2020 3631 2068 3682 9.
2122 3624 2291 3681 Paulo
2310 3635 2430 3693 post
2448 3627 2510 3679 C.
2530 3628 2705 3695 Sulpi-

1642 3704 1753 3754 cius
1776 3704 2007 3754 dictator
2028 3710 2254 3753 creatus.

1706 3789 1732 3824 τ
1766 3781 1962 3831 Gallum
1979 3780 2356 3845 provocatorem]
2389 3780 2543 3830 Bello
2578 3781 2705 3832 Gal-

1640 3856 1761 3913 lico,
1783 3855 1851 3905 de
1875 3872 1979 3920 quo
2004 3858 2143 3906 Flor.
2169 3856 2262 3908 lib.
2287 3871 2328 3908 r.
2349 3872 2467 3923 cap.
2493 3862 2574 3907 18.

1705 3929 1729 3963 ¹²
1780 3933 1918 3982 Bello
1972 3931 2172 3995 Latino]
2230 3932 2368 3983 Vide
2423 3935 2476 3984 in
2531 3934 2703 3986 Decio

1640 4014 1814 4071 patre.

1709 4084 1723 4118 ¹
1761 4085 1932 4135 Securi
1968 4085 2226 4151 percussit]
2279 4086 2412 4137 Vide
2457 4086 2573 4137 Liv.
2613 4087 2701 4139 lib.

1642 4176 1766 4212 viu.
1789 4176 1909 4226 cap.
1936 4166 1987 4212 7.

1707 4238 1731 4271 ⁸
1771 4237 2004 4302 Veserim]
2035 4240 2207 4305 Supra
2231 4240 2284 4291 in
2307 4241 2469 4293 Decio
2492 4249 2660 4306 patre.
