3023 4942
490 388 627 457 282

496 572 631 636 que
663 549 835 614 satis
865 554 1303 632 compertum,
1334 548 1734 613 cohibendae
1765 548 2089 632 cupidini,
2132 549 2467 631 ingenium
2501 550 2569 614 ni
2589 550 2696 634 ju-

495 657 631 725 vet,
681 648 1108 714 eruditionem
1138 649 1545 714 imbecillem
1578 670 1764 715 esse:
1812 670 1964 714 cum
1999 659 2376 735 praeceptor
2404 659 2474 716 et
2504 672 2696 736 asper

497 752 797 836 quidem,
832 752 1077 816 rectius
1107 750 1396 828 vivendi,
1425 751 1495 815 in
1524 751 1787 816 facinus
1820 754 2286 832 processerit,⁸
2316 754 2501 835 quod
2526 775 2696 819 novo

498 851 836 937 supplicio
869 851 1293 934 plectendum
1325 848 1674 915 ediderat.¹¹
1766 852 2011 934 Neque
2060 861 2289 918 tamen
2322 856 2555 936 cupito
2581 876 2697 939 po-

488 954 658 1018 titus
689 949 843 1016 diu.¹
931 951 1247 1035 Namque
1292 971 1473 1027 enm,
1523 953 1827 1034 acceptis
1871 954 2061 1017 illico
2091 975 2246 1039 quae
2293 955 2700 1034 acciderant,

494 1055 877 1139 Septimius
917 1053 1225 1129 Severus,
1276 1054 1395 1136 qui
1442 1055 1617 1118 forte
1668 1055 1886 1138 Syriae
1934 1053 2246 1137 legatusk
2292 1058 2357 1120 in
2385 1061 2703 1122 extremis

491 1159 691 1220 terris
716 1157 970 1220 bellum
1002 1158 1305 1238 gerebat,
1343 1150 1724 1239 Imperator
1752 1165 2045 1235 creatus,
2088 1165 2364 1240 pontem
2397 1162 2702 1241 proxime

500 1258 814 1322 Milvium
863 1259 1009 1322 acie
1056 1256 1347 1337 devicit3
1329 1254 1384 1294 ·¹
1428 1258 1760 1341 missique
1808 1259 1926 1343 qui
1973 1260 2341 1341 fugientem
2391 1261 2703 1377 inseque-

490 1369 736 1439 rentur,
769 1361 951 1445 apud
985 1361 1308 1444 palatium
1342 1360 1586 1424 Romae
1618 1363 2133 1427 obtruncavere.

1076 404 1324 457 ηΒΒΧἸῚ
1372 406 1703 455 AURELII
1756 402 2109 455 VICTORIS

1429 1507 1800 1528 ‘W‘Om

499 1591 690 1652 Daph.
693 1595 789 1639 —8
832 1592 972 1648 Quod
1005 1606 1122 1640 noro
1161 1590 1406 1668 supplicio.
1449 1590 1589 1639 Vide
1623 1592 1766 1640 Not.·
1762 1591 1975 1652 *Delph
2043 1592 2059 1620 ‘
2081 1592 2336 1651 Quisorte
2357 1591 2540 1656 Syriae.
2605 1591 2705 1640 Vel

498 1656 687 1720 Illyria
710 1656 984 1717 legendum
1007 1665 1108 1712 est,
1132 1658 1213 1704 vel
1240 1657 1411 1718 potius
1433 1656 1859 1716 existimandum,
1888 1658 2150 1706 Victorem
2174 1659 2358 1707 Severi
2384 1655 2702 1720 provinciam

492 1736 618 1769 cum
656 1721 925 1783 provincia
960 1721 1241 1769 Pescennii
1280 1719 1639 1799 permutassess
1663 1722 1810 1770 Harl.
1875 1722 2009 1771 Tum
2048 1737 2143 1786 pro
2179 1722 2382 1771 Romae
2369 1736 2420 1771 ιιι
2445 1720 2550 1771 fine
2588 1736 2705 1785 cap.

489 1800 655 1861 prome
676 1787 951 1849 legebatur
969 1792 1092 1834 ante
1108 1786 1316 1835 Sebott.
1340 1786 1430 1851 qni
1454 1787 1589 1850 conj.
1611 1800 1776 1848 prone.

1494 1913 1715 1964 NOTAE

499 2019 681 2078 postea
706 2028 830 2062 vero
854 2013 1194 2063 constitutum
1220 2020 1321 2069 est,
1345 2021 1400 2061 ut
1424 2013 1567 2062 edic-

497 2098 609 2138 tum
636 2104 791 2138 unum
815 2099 1235 2153 componeretur,
1254 2107 1319 2139 ex
1341 2106 1443 2155 quo
1461 2106 1569 2138 om-

498 2181 592 2215 nes
630 2164 682 2211 in
720 2176 985 2229 posterum
1023 2174 1276 2229 praetores
1312 2176 1568 2231 perpetuo

491 2240 582 2304 jus
613 2242 884 2301 dicerent3
937 2243 1073 2305 quod
1116 2242 1308 2291 idcirco
1338 2245 1353 2270 ‘
1380 2258 1566 2305 perpe·

489 2326 642 2367 tuum
661 2317 674 2339 '
696 2317 797 2366 fuit
823 2319 1162 2379 appeliatum.
1218 2320 1390 2381 Hujus
1404 2321 1566 2382 scrip-

498 2401 581 2442 tor
607 2396 810 2444 Saivius
831 2393 1093 2457 Julianus,
1111 2403 1374 2446 maternus
1397 2396 1566 2447 Julia-

504 2470 554 2524 ni
581 2469 916 2534 imperatoris
943 2486 1180 2533 proavus.

564 2556 591 2591 8
624 2548 684 2596 In
694 2548 894 2608 sueinus
927 2549 1235 2612 processerit]
1270 2549 1405 2597 Dum
1432 2549 1565 2598 Per-

499 2623 725 2678 tinacem
749 2621 960 2671 occidit.

565 2697 589 2732 ¹¹
609 2699 752 2754 Quod
771 2713 890 2747 noto
909 2698 1140 2761 supplicio
1157 2700 1450 2761 plectendum
1464 2701 1568 2750 edi·

495 2775 659 2838 derat]
695 2776 828 2824 Haec
851 2781 992 2823 certe
1017 2775 1083 2823 de
1115 2776 1324 2826 Juliano
1359 2791 1457 2825 non
1480 2791 1565 2825 ca-

501 2854 617 2916 pio;
672 2854 724 2900 in
751 2851 950 2911 fucinus
968 2851 1268 2913 processerit,
1289 2855 1412 2915 quod
1445 2869 1566 2902 novo

497 2929 725 2993 supplicio
744 2929 1037 2990 plectendum
1058 2927 1291 2975 ediderat.
1361 2927 1442 2976 Αιι
1473 2930 1564 2979 Ju.

499 3008 684 3064 limus,
709 3010 829 3067 post
850 3003 1045 3052 caedem
1070 3002 1359 3062 Commodi,
1394 3005 1564 3067 legem

500 3082 638 3140 tunt,
676 3097 792 3145 qnae
816 3080 1048 3142 “juberet
1093 3080 1375 3142 parricidas
1421 3082 1566 3130 novis

499 3156 773 3219 suppliciis
813 3153 985 3202 affici?
1041 3154 1240 3209 dubito,
1294 3170 1465 3220 neque
1510 3158 1565 3206 id

498 3230 638 3296 apud
656 3231 797 3280 illum
816 3238 1080 3279 auctorem
1099 3231 1223 3295 legi.
1251 3232 1410 3298 Lego,
1428 3233 1572 3288 Quod

1647 2028 1764 2063 novo
1785 2015 2015 2077 supplicio
2031 2015 2327 2078 plectendum
2346 2019 2472 2064 ent.

1720 2089 1733 2123 ¹
1763 2092 1958 2140 Potitus
1978 2092 2086 2154 diu]
2126 2093 2176 2140 N
2183 2106 2261 2139 am
2297 2091 2574 2153 imperavit
2599 2097 2709 2140 tan-

1650 2171 1758 2216 tum
1800 2166 2061 2215 mensibus
2097 2165 2317 2230 duobus,
2345 2165 2529 2217 diebus
2563 2167 2708 2232 quin-

1650 2257 1768 2306 que.

1713 2316 1736 2351 Β
1770 2317 1932 2381 Syriae
1953 2315 2166 2380 legatus]
2201 2317 2283 2365 Ex
2308 2316 2616 2366 Herodiano
2636 2308 2713 2365 ια’-

1648 2408 1766 2443 men
1806 2401 1861 2442 et
1905 2392 2036 2454 aliis,
2068 2398 2275 2440 constat
2310 2391 2564 2439 Severum
2608 2406 2709 2446 non

1648 2471 1833 2536 Syriae,
1858 2470 1948 2518 sed
1973 2469 2257 2518 Pannoniis
2278 2467 2570 2531 praefuisse.
2613 2469 2709 2519 Ni-

1648 2549 1834 2598 mirum
1876 2548 2012 2596 hunc
2052 2559 2168 2594 cum
2210 2546 2502 2595 Pescennio
2529 2547 2713 2608 Nigro,

1648 2625 1735 2687 qui
1752 2623 1917 2689 Syriae
1940 2631 2182 2687 praeerat,
2199 2621 2465 2672 confudit:
2502 2624 2590 2689 qui
2610 2640 2712 2672 atn-

1646 2701 1716 2749 bo
1754 2699 2019 2750 aJuiiano
2055 2698 2237 2746 eodem
2274 2705 2509 2759 tempore
2546 2699 2709 2766 desci7

1648 2791 1790 2826 vere.
1844 2774 2103 2838 Spartian.
2149 2776 2165 2801 ‘
2206 2774 2347 2835 Ergo
2392 2772 2710 2823 Pescennius

1651 2854 1820 2916 Niger
1844 2852 1895 2900 in
1921 2851 2093 2915 Syria,
2117 2848 2401 2910 Septimius
2422 2849 2708 2898 Severusin

1646 2932 1864 2995 Illyrico
1882 2944 1997 2980 cum
2016 2927 2353 2983 exercitibus,
2371 2928 2558 2991 quibus
2583 2944 2710 2992 prae·

1649 3006 1912 3059 sidebant,
1936 3019 1967 3053 a
1986 3002 2200 3056 Juliano
2225 3002 2529 3050 descivere?

1716 3080 1730 3115 ¹
1751 3081 1958 3129 Pontem
1977 3078 2192 3139 proxime
2213 3077 2437 3125 Milvium
2458 3078 2560 3125 acie
2582 3075 2707 3142 dem]

1647 3157 1869 3219 Eutrop.
1906 3162 1921 3184 ‘
1949 3155 2139 3203 Victus
2164 3168 2191 3200 a
2214 3152 2412 3200 Severo
2433 3152 2569 3213 apud
2592 3152 2707 3219 Mii-

1649 3234 1790 3282 vium
1815 3237 2027 3296 pontem
2052 3224 2360 3276 interfectus
2378 3226 2427 3275 in
2453 3224 2682 3294 palatio.>

1380 3611 1593 3678 CAP.

1658 3609 1858 3678 XX.

1201 3749 1508 3797 SEPTIMI
1524 3748 1610 3795 US
1659 3744 2033 3793 SEVERUS.

594 3855 658 3928 1.
708 3863 984 3930 Ion-un
1011 3868 1405 3951 SeptimiuS,
1437 3862 1818 3928 Pertinacis
1847 3880 2040 3937 nece,
2069 3857 2271 3923 simul
2311 3855 2711 3937 flagitiorum

493 3965 684 4044 odio,
718 3965 951 4032 dolore
981 3976 1183 4058 atque
1212 3969 1310 4031 ira
1340 3965 1762 4037 commotior,
1796 3962 2116 4027 cohortes
2145 3959 2499 4044 praetorias
2520 3965 2547 3993 ⁸
2583 3960 2708 4019 sta-

1500 4098 1718 4151 No'rAE

564 4206 589 4234 ⁸
615 4197 847 4248 cohortes
863 4198 1138 4262 prator-ias]
1159 4200 1261 4248 Eas
1287 4212 1440 4260 quam
1458 4197 1572 4246 ion-

492 4273 714 4337 gissime
738 4273 1007 4328 discedere
1021 4274 1200 4338 jussit,
1216 4273 1571 4337 indicta-capi-

1654 4197 1723 4246 tis
1761 4208 1931 4258 prens,
1967 4194 2009 4243 si
2051 4191 2164 4258 quis
2202 4192 2340 4240 intra
2374 4185 2711 4236 centesimum

1645 4274 1721 4327 *ab
1741 4271 1881 4323 Urbe
1899 4269 2126 4336 lapidem
2138 4265 2548 4329 conspiceretur.
2583 4259 2712 4312 vide
