3023 4942
441 349 576 420 136
1049 363 1280 415 sssx'rr
1328 362 1652 413 sonanti
1702 359 2057 410 vica-oms

1252 610 1467 678 CAP.
1540 610 1854 677 XXXI.

1128 749 1198 796 1..
1245 746 1612 796 nmmos·
1657 746 1978 821 evason.

447 862 877 915 Ancum-mrum.
934 863 1212 914 Ominibus
1235 851 1469 913 adversis
1494 851 1760 927 profectus
1787 863 1852 913 ad
1876 862 2107 927 auspicia
2130 860 2418 926 repetenda
2442 862 2659 911 Romam

509 945 836 1008 regreditur3
873 945 1089 995 Fabium
1121 946 1417 996 Rulliauum
1440 953 1626 994 contra
1648 945 1921 1009 imperium
1949 950 2288 1007 pugnantem,
2311 949 2364 992 et
2388 943 2559 992 securi
2581 941 2660 991 fe·

510 1025 750 1077 tiendum
782 1026 965 1091 patriis
989 1027 1232 1090 lacrymis
1258 1032 1313 1076 et
1337 1026 1518 1090 popuii
1544 1026 1789 1089 precibus
1812 1025 2108 1085 condonat?
2139 1023 2207 1073 de
2227 1023 2549 1082 Samnitibus
2573 1022 2663 1072 tri·

511 1107 730 1170 umpbat
745 1123 762 1169 3
776 1114 831 1155 et
850 1108 1076 1157 radicem
1100 1106 1487 1162 ambulantibus
1503 1106 1876 1157 incommodam
1888 1106 2126 1171 jocorum
2143 1105 2405 1155 studiosus
2422 1102 2666 1156 exscindi

507 1187 668 1252 jubet
689 1188 755 1238 1..
777 1188 1024 1252 Papirius
1048 1188 1263 1246 Cursor.

532 1301 600 1365 1.
620 1300 911 1367 Lucius
936 1300 1340 1379 PAmmus,
1370 1301 1795 1366 avelocitate
1817 1300 2121 1377 Cursor:
2150 1316 2300 1363 cum
2321 1297 2662 1367 consulem

448 1422 524 1467 se
554 1403 860 1468 adversis
891 1402 1264 1469 ominibusb
1284 1402 1640 1469 adversum
1660 1403 2037 1474 Samnites⁰
2065 1419 2488 1485 progressum
2510 1418 2665 1464 esse

448 1501 823 1583 sensisset,‘¹
853 1503 939 1569 ad
974 1504 1286 1590 auspicia
1315 1504 1709 1592 repetendae
1738 1503 2030 1572 Romam
2052 1520 2418 1585 regressuS,
2447 1498 2675 1565 edixit⁴

1370 1650 1741 1673 OOOOO‘OO&OOO

518 1750 653 1800 CAP.
675 1763 842 1802 xxxi.
912 1751 937 1802 1
976 1758 991 1780 ‘
1009 1750 1055 1800 A
1075 1753 1340 1802 velocitate.
1373 1752 1810 1816 Praepositionem
1834 1751 2078 1815 ignorant
2096 1750 2366 1813 potissima
2391 1763 2510 1812 pars
2533 1748 2671 1798 Mssa

448 1815 542 1930 git
562 1822 618 1864 et
639 1817 737 1865 Ed.
766 1815 876 1880 pn]
893 1816 908 1839 '
934 1816 1107 1867 Arntz.
1176 1817 1305 1866 Mox
1327 1818 1608 1868 dictatorem
1632 1833 1727 1883 pro
1750 1819 1986 1867 consulem
2005 1817 2205 1866 Schott.
2242 1816 2438 1864 Gaesb.
2469 1814 2669 1877 Delph-

502 1880 636 1931 itisc.
676 1882 871 1931 rectius
908 1882 1193 1931 secundum
1231 1884 1348 1932 Liv.
1397 1883 1501 1932 Sed
1539 1883 1668 1932 nihil
1701 1888 1886 1932 contra
1923 1881 2076 1931 codd.
2100 1879 2406 1930 mutandum
2419 1879 2679 1943 judicant*

447 1944 637 1995 Arntz.
678 1952 736 1994 et
767 1945 920 1995 Harl.
996 1947 1128 1996 Tum
1165 1946 1382 1996 adversis
1418 1948 1654 1997 ominibus
1689 1952 1855 1997 eontra
1887 1946 2133 1996 Samnites
2165 1946 2428 2009 profectum
2462 1943 2673 1993 Schott.

450 2009 643 2058 Gaesb.
677 2009 870 2074 Delph.
901 2010 1090 2061 Pitisc.
1146 2013 1362 2063 adversis
1398 2012 1612 2062 omnibus
1634 2013 1734 2062 Ed.
1761 2026 1839 2074 pr.
1904 2012 2114 2061 ‘Multo
2147 2019 2231 2060 est
2266 2009 2575 2060 concinnius
2607 2015 2669 2058 ut

449 2073 618 2124 edidit
640 2075 842 2127 Schott.
907 2071 1013 2125 Sed
1045 2090 1148 2126 uon
1172 2078 1338 2126 audeo
1360 2079 1640 2127 concinnos
1660 2077 1887 2126 reddere
1909 2077 2186 2139 scriptores
2221 2081 2407 2124 contra
2442 2072 2672 2123 auctori·

450 2141 616 2190 tatem
641 2140 775 2189 Mss.
793 2147 848 2189 et
866 2140 1022 2191 editt.
1046 2156 1161 2206 quae
1184 2143 1269 2192 hic
1291 2142 1463 2191 omnia
1485 2144 1736 2192 adversum
1757 2155 1848 2191 seu
1871 2143 2117 2190 adversus.
2170 2139 2423 2188 Ominibus
2443 2138 2672 2200 probant

451 2211 508 2253 et
533 2206 692 2253 nostri
718 2205 927 2254 codices
946 2213 1002 2254 et
1024 2207 1272 2256 sollennis
1296 2213 1379 2257 est
1399 2208 1487 2256 ilie
1515 2207 1848 2257 librariorum
1884 2208 2078 2268 lapsus,
2101 2206 2274 2268 qualia
2296 2205 2564 2253 innumera
2586 2215 2676 2250 ex·

451 2270 625 2335 empia
646 2278 897 2319 notarunt
920 2270 1019 2320 -viri
1062 2272 1226 2333 docti,
1262 2285 1376 2335 quae
1401 2272 1598 2321 addere
1623 2287 1725 2321 non
1758 2280 1837 2322 est
1871 2285 2046 2334 operae
2072 2270 2318 2332 pretium,
2348 2283 2465 2318 cnm
2491 2281 2672 2317 omnes

450 2336 641 2383 sciant.
710 2336 896 2398 Neque
927 2336 1195 2399 profectum
1227 2334 1403 2385 ferunt
1425 2338 1592 2386 nostri
1619 2337 1703 2385 vel
1742 2338 1925 2397 scripti
1964 2337 2043 2384 vei
2074 2335 2228 2394 editi,
2249 2334 2339 2398 qui
2364 2347 2543 2381 omnes
2564 2347 2675 2393 pro·

449 2414 685 2461 gressum.
751 2401 908 2449 Prius
931 2402 1140 2465 quidem
1167 2401 1396 2461 mallem,
1418 2402 1569 2459 (vide
1587 2416 1705 2464 sup.
1726 2416 1773 2449 c.
1799 2414 1920 2449 ειν.
1944 2402 1971 2464 §
1993 2398 2069 2464 1.)
2084 2399 2177 2447 sed
2204 2400 2472 2460 posterius
2499 2406 2676 2446 tamen

452 2479 556 2516 non
580 2465 788 2516 damno.
818 2466 1016 2516 Brutus
1038 2464 1177 2530 apud
1201 2467 1313 2518 Cic.
1334 2465 1399 2517 ad
1427 2467 1577 2518 Fam.
1598 2467 1701 2532 Ep.
1734 2479 1815 2517 xr-
1843 2470 1895 2517 4.
1918 2473 1934 2496 ‘
1955 2467 2272 2530 Progressus
2304 2479 2415 2515 sum
2441 2462 2506 2513 ad
2531 2462 2675 2513 Inal-

1456 2595 1672 2647 NOTAE

519 2698 544 2724 θ’
574 2691 621 2740 Α
666 2691 913 2742 velocitate
956 2676 1161 2756 Cursor]
1206 2692 1375 2742 Idem.
1409 2692 1526 2742 Liv.

1670 2690 1693 2727 ό
1724 2692 1808 2742 Aa
1829 2691 2040 2756 auspicia
2059 2690 2336 2754 repetenda]
2373 2689 2519 2740 Nihil
2537 2689 2675 2739 enim

453 2766 547 2816 lib.
585 2780 667 2816 rx.
708 2781 825 2832 cap.
860 2771 939 2818 16.
972 2774 988 2798 ⁴
1013 2768 1293 2831 Praecipua
1332 2767 1524 2831 pedum
1607 2769 1931 2832 inauspicato
1947 2768 2204 2831 gerebant
2219 2767 2457 2817 Romani.
2496 2768 2676 2823 Quare

454 2843 740 2911 pernicitas
763 2842 937 2893 inerat
959 2859 1073 2907 qnae
1113 2859 1399 2907 cognomen
1430 2845 1529 2895 eti·

453 2933 537 2968 am
562 2917 729 2982 dedit,
751 2919 1105 2984 victoremque
1131 2933 1284 2969 cursu
1300 2921 1526 2971 omnium

455 2994 632 3047 aetatis
654 3007 760 3043 suae
782 2993 946 3045 fuisse
968 2993 1142 3045 ferunt
1160 2993 1194 3056 ;'
1228 2997 1373 3059 quasi
1404 3011 1527 3046 vero

454 3070 542 3119 hic
584 3070 823 3141 Papiri-us
863 3070 1058 3133 primus
1081 3072 1317 3121 cursoris
1340 3087 1527 3131 nomen

454 3146 715 3200 habuerit,
734 3154 788 3195 et
810 3160 913 3195 non
938 3150 1060 3195 ante
1080 3160 1197 3195 eum
1217 3147 1384 3198 multi.

521 3219 547 3254 Ι)
582 3221 813 3273 Adversis
846 3222 1105 3285 ominibus]
1148 3225 1267 3273 Non
1295 3226 1529 3280 adversis

457 3296 549 3348 sed
584 3298 818 3354 incertis,
842 3298 1018 3348 Livius
1040 3299 1131 3349 lib.
1159 3314 1287 3349 vtu.
1307 3317 1424 3364 cap.
1446 3306 1529 3352 30.

454 3374 471 3402 ‘
498 3374 562 3422 In
592 3373 861 3423 Samnium
892 3375 1105 3423 incertis
1137 3377 1267 3425 itum
1290 3377 1530 3441 auspiciis

461 3456 563 3498 est.
627 3449 788 3513 Cujus
823 3451 897 3499 rei
937 3450 1137 3514 vitium,
1174 3467 1277 3502 non
1314 3453 1367 3502 in
1404 3453 1529 3504 beni

460 3530 729 3586 eventurn,
750 3525 888 3589 quod
919 3539 1166 3589 prospere
1197 3535 1395 3590 gestum
1430 3537 1532 3592 est,

461 3599 552 3649 sed
574 3601 626 3648 in
644 3600 838 3649 rabiem
859 3606 1015 3665 atque
1034 3601 1137 3650 iras
1157 3592 1532 3667 im'peratornm

460 3675 660 3726 vertitz
705 3682 928 3741 namque
966 3678 1210 3741 Papirius
1245 3678 1474 3730 dictator
1503 3695 1538 3730 a

462 3752 688 3819 pullario
717 3753 964 3812 monitus,
992 3768 1109 3804 cum
1146 3755 1213 3804 ad
1249 3757 1535 3820 auspicium

461 3828 807 3893 repetendum
831 3829 1048 3880 Romam
1073 3829 1538 3897 proficisceretur-,⁹

465 3907 565 3954 διο.

531 3990 553 4015 0
585 3980 853 4030 Adversum
883 3981 1096 4047 [eontra]
1129 3981 1397 4046 Samnites]
1425 3979 1536 4032 Au·

466 4070 533 4107 no
570 4057 749 4107 mundi
797 4060 944 4106 3628.
981 4063 1103 4107 ante
1132 4058 1196 4108 C.
1219 4057 1291 4107 N.
1317 4062 1433 4109 820.
1465 4056 1536 4111 A.

470 4133 541 4182 U.
562 4132 620 4182 C.
641 4135 758 4181 431.

534 4208 558 4268 ἒ
590 4207 853 4271 Sensisset]
887 4205 938 4257 A
961 4206 1183 4275 pullario
1201 4208 1450 4262 monitus.

1610 2847 1653 2894 si
1676 2846 1873 2909 egressi
1900 2845 2034 2895 male
2054 2850 2396 2908 pugnassent,
2413 2844 2497 2892 vel
2515 2843 2678 2899 ctiam

1609 2921 1655 2971 si
1688 2929 1811 2970 ante
1843 2934 2088 2983 pugnam,
2111 2917 2295 2969 vitiose
2318 2924 2477 2981 capta
2503 2917 2681 2983 omina

1609 2995 1984 3057 meminissent,
2019 2994 2235 3043 Romam
2279 2982 2681 3042 revertebantur

1610 3073 1674 3122 ad
1708 3070 1972 3136 captanda
2002 3085 2178 3120 rursus
2210 3071 2442 3133 auguria.
2509 3069 2680 3134 quue

1611 3147 1873 3202 dicebant,
1915 3147 1930 3174 ⁸
1959 3142 2356 3209 redauspicare’
2401 3152 2458 3195 et
2490 3147 2506 3174 ‘
2532 3160 2679 3209 repe·

1613 3231 1727 3273 tere
1748 3220 1954 3272 omina.’
2008 3221 2153 3283 Virg.
2175 3219 2376 3269 AEneid.
2400 3234 2463 3270 n.
2500 3222 2514 3248 ‘
2534 3221 2680 3271 Omi-

1611 3313 1679 3348 na
1701 3292 1755 3347 ni
1780 3304 2020 3365 repetant
2046 3296 2234 3360 Argis.’
2300 3298 2371 3346 Et
2390 3298 2486 3346 hoc
2509 3313 2683 3349 serva·

1613 3382 1722 3424 tum
1749 3390 1780 3423 a
1797 3373 2017 3423 ducibus
2043 3373 2311 3435 Romanis,
2327 3373 2493 3450 donec
2514 3373 2582 3422 ab
2604 3375 2684 3423 bis

1613 3453 1665 3501 in
1689 3451 1847 3500 Itaiia
1871 3456 2153 3514 pugnatum
2189 3457 2289 3506 est,
2316 3458 2534 3514 propter
2556 3451 2683 3500 vici·

1613 3528 1851 3578 nitatem.
1890 3521 2177 3594 Postquam
2201 3543 2324 3579 vero
2342 3529 2682 3580 ministerium

1613 3605 1814 3668 longius
1836 3606 2090 3669 prolatum
2115 3611 2218 3662 est,
2233 3619 2297 3655 ne
2317 3604 2424 3654 dux
2447 3605 2515 3656 ab
2531 3619 2684 3657 exer·

1619 3681 1730 3730 citu
1755 3680 1947 3731 diutius
1968 3683 2200 3745 abesset,
2214 3680 2257 3731 si
2279 3682 2493 3732 Romam
2512 3682 2579 3732 ad
2604 3696 2686 3731 re·

1619 3756 1859 3806 novanda
1879 3757 2110 3820 auspicia
2127 3756 2195 3806 de
2211 3755 2494 3820 longinquo
2511 3771 2686 3807 rever·

1620 3832 1790 3899 tisset,
1813 3833 2171 3894 constitutum,
2192 3837 2251 3880 ut
2281 3846 2413 3881 unus
2444 3833 2587 3881 iocus
2614 3832 2683 3882 de

1618 3908 1829 3973 captivo
1843 3910 1965 3972 agro
1981 3908 2243 3957 Romanus
2257 3904 2408 3956 fieret
2423 3907 2473 3956 in
2488 3921 2553 3956 ea
2566 3921 2688 3971 pro·

1619 3984 1790 4035 vincia
1805 3984 1856 4034 in
1880 3998 1981 4049 qua
2005 3981 2329 4042 bellabatur3
2364 3980 2430 4032 ad
2450 3997 2625 4047 quem,
2642 3983 2686 4033 si

1619 4060 1854 4110 renovari
1873 4073 2004 4125 opus
2022 4066 2163 4109 esset
2179 4058 2428 4123 auspicia,
2445 4058 2550 4108 dux
2568 4057 2684 4109 red·

1620 4134 1741 4187 iret.
