3023 4942
2359 393 2491 465 835

289 574 417 641 que
448 555 643 619 bonae
673 554 959 634 militiae,
993 560 1248 638 quanta
1274 553 1381 620 his
1405 553 1757 620 Aureliani
1783 554 2126 638 Probique
2157 552 2493 621 institutio

287 657 463 737 fuit,⁸
509 677 705 740 paene
751 665 861 722 sat
900 676 1076 722 esse.
1162 658 1273 725 29.
1319 656 1638 742 Denique
1682 654 2078 735 Valerium,¹’
2127 664 2207 721 ut
2249 676 2492 740 paren-

288 766 439 838 tem,
470 781 591 825 seu
622 759 760 825 Dei
791 761 1010 842 magni
1041 760 1506 845 suspiciebant
1535 760 1737 824 modo
1765 782 1780 823 :
1829 760 2017 842 quod
2049 760 2248 843 quale
2279 780 2493 844 quan-

291 871 568 946 tumque
606 863 746 940 sit,⁰
792 862 878 926 ab
912 860 1124 927 Urbis
1171 863 1520 928 conditore
1565 862 1653 927 ad
1691 871 1988 929 nostram
2029 868 2294 927 aetatem
2338 883 2493 946 pro-

288 965 686 1048 pinquorum
730 964 1151 1029 facinoribus
1189 965 1604 1048 patefactum
1657 969 1780 1029 est.
1883 965 1995 1030 30.
2039 964 2133 1028 Et
2180 967 2493 1047 quoniam

287 1067 617 1135 bellorum
656 1068 890 1146 moles,
920 1067 1007 1132 de
1036 1087 1174 1151 qua
1205 1088 1414 1151 supra
1457 1066 1998 1144 memoravimus,
2033 1067 2256 1135 acrius
2299 1087 2492 1149 urge·

286 1170 419 1248 bat,
453 1170 651 1253 quasi
675 1170 928 1253 partito
955 1170 1268 1254 imperio,
1299 1178 1566 1248 cuncta,
1590 1191 1747 1254 quae
1779 1178 1961 1237 trans
1991 1170 2207 1253 Alpes
2238 1170 2491 1237 Galliae

287 1278 462 1349 sunt,
520 1271 926 1337 Constantio
977 1274 1385 1353 commissa3
1439 1273 1681 1342 Africa
1732 1274 2073 1358 Italiaque
2117 1272 2493 1352 Herculio;

287 1371 678 1458 Illyrioique
710 1391 830 1440 ora
861 1374 947 1441 ad
995 1395 1211 1460 usque
1254 1372 1513 1441 Pontid
1560 1376 1821 1454 fretum,
1853 1377 2172 1455 Galeri03
2218 1380 2440 1443 cetera
2468 1382 2493 1410 ⁸

285 1474 605 1543 Valerius
635 1479 1010 1545 retentavit.
1096 1479 1210 1544 31.
1255 1479 1444 1547 Hinc
1476 1478 1763 1563 denique
1795 1483 1973 1563 parti
2006 1479 2229 1545 Italiae
2264 1479 2491 1543 invec-

289 1584 425 1645 tum
463 1579 864 1645 tributorum
909 1580 1144 1663 ingens
1189 1581 1465 1647 malum.
1550 1581 1663 1645 32.
1712 1583 1894 1648 Nam
1932 1601 2086 1647 cum
2127 1581 2348 1646 omnis
2378 1600 2492 1645 ea-

287 1680 434 1745 dem
465 1683 816 1749 functione
841 1678 864 1718 f
901 1683 1385 1769 moderataque
1404 1692 1430 1730 Β
1480 1694 1726 1767 ageret,
1756 1706 1893 1769 quo
1922 1685 2258 1751 exercitus
2289 1688 2490 1767 atque

287 1783 684 1867 Imperator,
717 1786 834 1868 qui
863 1805 1123 1869 semper
1152 1793 1275 1850 aut
1314 1787 1621 1850 maxima
1648 1795 1845 1869 parte
1877 1786 2177 1869 aderant,
2209 1785 2301 1850 ali
2331 1804 2493 1868 pos-

286 1893 453 1962 sent,
515 1884 999 1970 pensionibus¹¹
1056 1887 1329 1952 inducta
1373 1886 1491 1952 lex
1541 1907 1754 1954 nova:
1821 1908 1978 1971 quae
2023 1907 2186 1955 sane
2231 1886 2496 1956 illorum

283 1994 654 2072 temporum
694 1990 1026 2053 modestia
1076 1989 1472 2066 tolerabiliS,
1503 1991 1571 2054 in
1602 1992 1967 2074 perniciem
2011 1989 2350 2073 processit
2385 1989 2494 2054 his

285 2089 835 2176 tempestatibus)
921 2092 1033 2159 33.
1064 2092 1346 2158 Interim
1367 2093 1411 2158 J
1421 2095 1578 2158 ovio
1599 2089 1624 2128 ¹‘
1655 2091 2141 2159 Alexandriam
2165 2092 2497 2175 profecto,

824 411 921 459 1)ss
969 409 1407 461 OAESARIBUS
1456 410 1620 459 CAP.
1668 409 1970 461 xxxi-x.

1213 2258 1272 2278 θ’

285 2352 492 2404 miseriis
514 2335 688 2404 imbuti
711 2350 854 2415 satia,
874 2338 1201 2419 optimi'reip.
1223 2356 1388 2415 fuere.
1454 2358 1594 2407 vide
1630 2356 1757 2406 Not.
1780 2355 1951 2419 Delph
1959 2359 2105 2405 .-28
2142 2354 2373 2404 Instituta
2412 2353 2498 2403 vel

285 2422 588 2469 institutione
611 2421 874 2470 malebant
898 2422 1100 2470 Scliott.
1126 2430 1181 2470 et
1205 2424 1311 2483 alii,
1335 2437 1430 2484 pro
1451 2423 1715 2473 institutio.
1722 2425 1884 2471 ——800
1906 2422 2057 2479 Quasi
2076 2421 2257 2485 partito
2279 2420 2496 2484 imperio.

286 2486 369 2535 Ita
395 2487 677 2551 legendum
701 2487 947 2549 divinavi,
983 2487 1216 2551 quamvis
1253 2490 1571 2553 compendio
1612 2489 1862 2551 scriptum
1887 2496 2025 2536 esset
2057 2502 2165 2564 3113·
2232 2487 2361 2534 Mox
2401 2500 2498 2549 pro

283 2568 588 2630 moderataqu
590 2581 616 2616 e
652 2565 791 2616 forte
815 2567 1178 2631 moderateque!
1223 2569 1427 2618 Schott.
1431 2574 1562 2618 -32
1590 2569 1883 2628 ‘Modestia,
1915 2569 1967 2617 h.
2008 2583 2057 2617 e.
2095 2568 2233 2633 quod
2281 2568 2499 2632 quisque

286 2632 467 2682 eadem
483 2632 864 2695 moderatione,
886 2632 1155 2682 functione
1172 2634 1448 2684 moderata
1468 2636 1570 2684 illia
1596 2635 1915 2712 temporibus
1937 2635 2064 2696 egit.
2114 2633 2261 2684 Alias
2282 2633 2500 2682 molestia

289 2697 614 2760 probabilius
638 2698 743 2761 legi
777 2713 933 2762 poue
956 2699 1275 2750 videbaturss
1309 2700 1464 2750 Harl.
1532 2701 1664 2751 Mox
1703 2702 1757 2750 in
1793 2700 2054 2765 perniciem
2082 2699 2332 2763 processit·
2395 2697 2499 2749 Hie

1282 2814 1504 2864 No‘rAE
1560 2870 1572 2882 ,

343 2915 369 2942 ¹
403 2910 602 2966 Quanta
633 2910 709 2959 his
728 2909 984 2961 Aureliani
1006 2910 1250 2975 Probique
1271 2911 1342 2960 in-

282 2984 611 3048 stitutiofuit]
652 2985 794 3036 Nihil
829 2986 912 3036 bic
947 2986 1268 3049 mutandum,
1288 2992 1350 3037 ut

283 3060 449 3109 voluit
470 3059 801 3109 doctissimus
824 3060 1031 3111 Schott.
1101 3061 1194 3112 Ait
1225 3077 1349 3111 con·

285 3139 511 3188 cordiam
532 3137 771 3189 Herculii
790 3147 848 3188 et
864 3140 1158 3191 Constantii
1177 3150 1350 3191 osten·

284 3205 421 3267 ‘disse
465 3217 533 3264 ad
580 3216 825 3266 virtutem
869 3217 995 3266 satis
1042 3231 1156 3266 esse
1205 3218 1352 3281 inge·

286 3292 445 3354 nium,
470 3301 528 3341 et
551 3306 700 3341 usum
738 3291 886 3342 bonae
922 3292 1154 3354 militiae3
1190 3310 1350 3359 qnan-

288 3376 360 3431 ta,
394 3369 449 3420 id
486 3378 588 3432 est,
623 3376 791 3432 tanta,
825 3378 929 3419 tam
968 3384 1155 3432 magna
1187 3371 1240 3419 in
1276 3370 1352 3419 bis

283 3443 586 3507 (Herculio,
640 3445 863 3508 scilicet,
917 3454 970 3495 et
1017 3444 1351 3510 Constantio)

283 3521 553 3574 Aureliani
601 3532 655 3574 et
697 3524 858 3575 Probi
903 3524 1166 3574 institutio
1211 3523 1350 3575 fnit:

283 3611 398 3648 nam
444 3607 656 3651 constat
699 3602 949 3664 Probum,
987 3601 1351 3651 Constantium

288 3675 342 3716 et
361 3675 671 3727 Herculium
696 3677 1004 3727 instituisse.
1052 3678 1269 3742 Vopisc.
1286 3679 1350 3726 de

288 3741 498 3793 Probo·
546 3754 766 3803 ‘Duces
809 3751 1233 3816 praeclarissimos
1273 3753 1351 3801 iu-

290 3821 495 3888 Ιῐίῐιιίῐς
536 3837 656 3872 nam
692 3845 757 3878 ex
791 3831 905 3895 ejus
939 3831 1216 3893 disciplina
1252 3832 1352 3881 Ca·

290 3908 395 3959 rus,
436 3897 817 3963 Diocletianus,
857 3906 1214 3968 constantius,
1251 3905 1350 3956 Aa·

291 3971 630 4034 clepiodotus,
654 3975 970 4040 Herculius,'
993 3981 1093 4028 &c-

355 4047 378 4081 b
417 4049 683 4114 Valerium]
717 4051 1122 4105 Diocletianum.

354 4133 375 4158 ⁶
413 4126 553 4183 Quod
594 4129 734 4192 quale
772 4135 1086 4195 quantumque
1122 4132 1215 4198 eit]
1261 4133 1355 4185 Ait

291 4213 466 4251 eorum
512 4203 893 4269 Imperatorum
936 4218 1123 4266 morte,
1161 4210 1246 4273 qui
1285 4212 1353 4263 ab

292 4274 412 4327 inde
448 4293 608 4346 usque
640 4281 858 4333 Romulo
892 4283 958 4333 ad
983 4284 1348 4339 Constantium

1430 2913 1841 2979 propinquorum
1876 2926 2082 2962 auorum
2119 2908 2317 2961 scelere
2340 2908 2499 2960 occisi

1430 3000 1575 3053 aunt,
1615 2989 1938 3055 patefactum
1977 3004 2090 3038 esse
2128 2988 2300 3053 quale,
2337 3002 2502 3052 quan-

1431 3078 1562 3128 tum,
1583 3078 1637 3117 et
1660 3068 1840 3132 quanti
1866 3066 2160 3117 faciendum
2198 3065 2266 3114 sit
2295 3079 2413 3114 cum
2443 3064 2497 3122 in

1433 3144 1579 3205 regni
1604 3151 1807 3206 partem
1842 3143 2033 3191 ascitus
2055 3141 2373 3204 Imperator,
2392 3138 2499 3192 Im·

1433 3229 1729 3283 peratorem
1759 3220 1849 3284 qui
1883 3219 2089 3279 ascivit,
2113 3217 2276 3266 veluti
2312 3231 2499 3278 paren·

1434 3305 1559 3353 tem,
1584 3312 1676 3346 seu
1699 3297 1762 3346 ad
1801 3297 1967 3346 instar
1984 3295 2096 3345 Dei
2130 3296 2301 3360 magni
2333 3294 2499 3358 suspi-

1433 3374 1527 3425 cit.

1496 3448 1523 3482 ‘¹
1555 3449 1733 3514 Ponti]
1773 3448 1981 3498 Euxini.

1497 3536 1521 3561 ⁸
1558 3524 1759 3588 Cetera]
1795 3526 2096 3590 AEgyptum.

1497 3601 1521 3634 f
1552 3604 1838 3666 Functione]
1877 3603 1940 3652 Id
1964 3611 2064 3658 est,
2090 3614 2292 3649 annona
2304 3618 2319 3661 3
2353 3596 2497 3649 func·

1436 3681 1580 3729 tione
1603 3680 1905 3729 annonaria.
1968 3680 2103 3727 Tota
2140 3684 2314 3727 autem
2341 3676 2503 3725 Italia

1437 3756 1539 3806 fuit
1581 3757 1885 3818 annonaria,
1911 3754 2341 3818 functionemque
2375 3767 2500 3802 con·

1435 3831 1644 3881 ferebat
1673 3831 1737 3880 ad
1773 3832 2061 3881 exercitum
2097 3832 2499 3895 comitatumque

1435 3907 1779 3970 Imperatoris
1802 3908 2063 3957 alendum.

1497 3992 1525 4027 s
1559 3984 1926 4049 Moderataque]
1946 3985 2136 4033 Melius
2156 3984 2500 4045 moderateque,

1434 4070 1493 4109 ut
1538 4061 1744 4110 Schott.
1799 4061 1892 4111 sed
1951 4061 2284 4124 moderataque
2337 4059 2498 4109 etiam

1436 4144 1580 4187 stare
1607 4146 1797 4199 potest.

1500 4213 1525 4246 ¹¹
1562 4211 1902 4274 pensionibus]
1937 4211 2001 4261 Id
2025 4219 2126 4275 est,
2149 4210 2165 4238 ‘
2186 4210 2433 4261 tributis?

1502 4289 1517 4323 ί
1551 4289 1647 4341 His
1668 4289 2046 4355 tempestatibus]
2083 4290 2499 4356 Distingue,pro·
