3023 4942
498 385 632 456 382

497 554 638 638 pit:
705 553 1220 639 incendiumque
1268 553 1515 619 Romae
1566 554 1715 618 sine
1762 558 2085 620 nocturna
2133 555 2361 639 requie
2406 573 2532 639 per
2585 558 2701 623 tri-

498 653 710 721 duum
740 656 896 719 fuit.
964 657 1072 720 13.
1127 655 1352 720 Lues⁰
1402 675 1703 739 quoque,
1731 664 1982 739 quanta
2010 658 2128 721 vix
2158 675 2454 741 unquam
2485 669 2698 738 antea,

495 760 649 824 fuit.
737 759 846 822 14.
905 757 1177 837 Quibus
1238 765 1457 824 tamen
1518 759 1737 834 malis,
1793 758 1975 822 nullo
2037 767 2350 837 vexato?
2406 763 2700 843 pecunia

495 862 771 946 propria
806 862 1136 940 subvenit,
1165 861 1429 926 cunctis
1452 861 1892 925 remediorum
1913 863 2287 942 generibuS,
2305 882 2479 926 nunc
2500 884 2703 946 aegro-

494 971 708 1029 tantes
762 983 880 1049 per
931 965 1366 1048 semetipsum
1413 964 1743 1041 reficienS,
1791 982 1970 1027 nune
2017 965 2379 1028 consolans
2425 985 2700 1030 suorum

491 1067 822 1131 mortibus
853 1064 1164 1131 afflictos,
1256 1067 1362 1130 15.
1406 1064 1608 1129 Vixit
1635 1083 1844 1128 annos
1871 1063 2313 1148 quadraginta
2338 1085 2589 1131 nnum‘t
2633 1075 2703 1131 et

493 1170 567 1233 in
594 1169 855 1245 eodem,
886 1157 1264 1253 quo'pater,
1299 1168 1478 1251 apud
1514 1167 1805 1232 Sabinos
1837 1186 1996 1250 agro
2025 1168 2199 1232 febri
2228 1169 2501 1234 interiit.
2593 1169 2700 1233 16.

494 1269 730 1354 HuJus
774 1290 980 1349 morS,
1015 1271 1199 1336 credi
1230 1273 1352 1336 vix
1381 1276 1639 1352 potest,
1672 1279 1993 1353 quantum
2049 1270 2276 1333 luctus
2313 1270 2500 1335 Urbi
2545 1288 2698 1352 pro·
2736 1351 2743 1358 Ο

492 1373 870 1456 vinciisque
899 1373 1222 1451 intulerit,
1277 1373 1447 1437 adeo
1496 1377 1575 1435 ut
1624 1391 1780 1435 eum
1832 1372 2114 1437 delicias
2160 1373 2494 1455 publicae,
2525 1373 2700 1436 sicut

490 1473 817 1551 diximus,
845 1476 1295 1560 appellantes»,
1326 1476 1529 1560 quasi
1552 1482 1887 1559 perpetuo
1913 1474 2197 1540 custode
2230 1477 2541 1540 orbatum
2571 1482 2698 1541 ter-

489 1593 714 1641 rarum
746 1576 979 1641 orbem
1008 1577 1348 1644 deflerent.

1413 1690 1657 1713 “OM“
1661 1690 1781 1714 ‘m

1094 405 1323 458 sex-'ri
1373 393 1701 458 AUREL'H
1754 407 2105 459 vic‘roms
2169 463 2174 466 ,

488 1791 563 1841 ’ῆι
584 1781 951 1853 appellatione.
1027 1790 1256 1840 Vesubius
1278 1791 1513 1842 Gramm.
1579 1792 1765 1841 Bebius
1787 1789 1952 1852 Lugd.
1973 1793 2022 1840 1.
2046 1803 2114 1838 ex
2135 1804 2239 1853 quo
2262 1788 2377 1840 fieri
2396 1797 2588 1854 potest
2608 1793 2700 1843 Ve-

463 1857 599 1912 ,vius
628 1871 717 1903 seu
749 1857 965 1911 Vesvius,
989 1857 1196 1905 Besbius
1218 1872 1308 1905 seu
1342 1858 1572 1908 Vesbius:
1610 1859 1747 1921 quod
1775 1865 1949 1905 tamen
1974 1855 2241 1917 poeticum
2267 1856 2428 1919 magis
2449 1864 2533 1906 est
2559 1865 2617 1906 ut
2640 1866 2696 1908 et

497 1920 739 1970 Vesevus?
774 1922 1092 1970 Arma—13
1124 1921 1303 1979 'rbsuit
1330 1923 1380 1970 in
1405 1921 1507 1970 fine
1535 1923 1735 1971 uncinis
1760 1921 2033 1971 includunt
2059 1919 2264 1970 Schott.
2285 1920 2478 1970 Gaesb.
2501 1923 2699 1984 Deiph.

488 1985 809 2035 Pinea—14
861 1987 1117 2035 Nonnullis
1155 1988 1344 2035 uexatis
1380 1995 1605 2051 quatuor
1627 1987 1825 2049 vulgati
1847 2000 1935 2048 up.
1970 1985 2182 2035 Schott.
2206 1999 2324 2034 cum
2343 1984 2470 2035 Aid.
2491 1988 2695 2037 Schott.

490 2049 562 2102 G.
585 2052 651 2099 D.
668 2050 733 2098 P.
788 2058 801 2079 ⁸
823 2049 1101 2100 Interserit
1126 2056 1282 2100 tamen
1306 2051 1488 2100 Gueif.
1519 2051 1669 2100 Leid.
1692 2056 1742 2100 2.
1766 2061 1822 2101 et
1847 2052 2034 2114 priscae
2059 2049 2182 2099 edd.
2218 2050 2383 2115 [quod
2408 2066 2525 2100 voc.
2549 2054 2697 2102 omit-

489 2120 607 2163 tunt
629 2116 836 2164 Schott.
858 2115 1052 2165 Gaesb.
1074 2116 1262 2179 Deiph.
1285 2116 1502 2181 Pitisc.]
1538 2125 1593 2165 et
1615 2116 1720 2165 duo
1746 2117 1943 2179 priores
1968 2115 2152 2179 scripti
2190 2116 2509 2165 verissimam
2548 2117 2695 2166 lecti-

486 2195 640 2229 onem
686 2179 994 2230 confirmant
1044 2182 1175 2229 nuno
1216 2186 1408 2238 vexato,
1456 2182 1621 2245 quod.
1648 2180 1788 2230 refer
1831 2181 1894 2230 sd
1948 2195 2079 2229 onus
2121 2180 2478 2242 vectigalium,
2515 2196 2630 2243 qua·
2664 2195 2694 2229 a

487 2245 792 2294 civitatibsss
812 2246 1077 2309 exigeret3
1113 2246 1229 2292 huie
1253 2261 1282 2294 o
1304 2247 1468 2310 »ponit
1502 2252 1518 2274 ‘
1537 2247 1746 2310 propris
1769 2245 1989 2307 pecunia
2016 2244 2335 2296 subvenire.’
2387 2247 2555 2295 Multa
2585 2261 2698 2294 vex·

485 2311 586 2358 atis
607 2317 850 2373 corrupte
872 2325 1016 2359 more
1042 2324 1136 2359 suo
1161 2265 1306 2360 Leidj.
1323 2314 1373 2360 2.
1405 2312 1568 2375 quiet
1593 2326 1715 2360 mox
1736 2311 1939 2378 efficiens
1956 2326 1974 2360 .·
2007 2318 2064 2360 et
2087 2308 2301 2359 inferius
2321 2312 2483 2360 eodem
2498 2325 2693 2375 quoque,

485 2389 577 2437 quo
599 2376 749 2426 Leid.
774 2375 841 2425 1.’
872 2377 1056 2427 Arntz.

1481 2440 1699 2490 NOTAE

1629 2536 1707 2585 bis
1730 2535 2009 2598 incendio,'
2043 2536 2229 2600 inquit,
2264 2535 2279 2563 ‘
2300 2535 2425 2585 nihii
2460 2536 2562 2586 nisi
2595 2536 2693 2586 sibi

1630 2612 1848 2674 periisse
1882 2612 2092 2675 publice
2131 2612 2390 2675 testatus,'
2424 2616 2523 2663 διο.
2589 2615 2693 2662 Ve-

1631 2702 1742 2736 rum
1777 2702 1877 2736 nou
1912 2685 2032 2734 ideo
2068 2695 2281 2749 recepta
2314 2688 2468 2737 lectio
2498 2696 2693 2737 temere

1627 2763 1963 2814 damnanda:
2021 2777 2120 2811 non
2169 2756 2355 2811 ⁴sulum
2409 2764 2546 2813 enim
2607 2778 2693 2813 eos

1629 2842 1844 2904 respicit
1886 2839 1973 2903 qui
2019 2839 2201 2899 Urbis,
2256 2839 2350 2888 sed
2404 2843 2563 2889 etism
2615 2855 2692 2889 re·

485 2536 721 2592 Vesuvii,
742 2536 794 2585 in
808 2535 1135 2600 ‘Campaniam
1167 2544 1221 2585 et
1253 2536 1546 2585 incendium

486 2611 667 2679 Romae
695 2627 788 2675 per
812 2613 1058 2668 triduum,
1082 2613 1400 2677 totidemque
1426 2627 1548 2662 noc-

483 2696 601 2747 tes;
635 2689 759 2737 item
789 2689 1091 2751 pestilentia
1120 2698 1311 2753 quanta
1344 2703 1444 2738 uon
1472 2697 1548 2737 te·

482 2777 629 2814 mere
662 2763 827 2812 alias:
882 2766 1099 2815 Sueten.
1142 2779 1256 2829 cap.
1294 2771 1342 2815 8.
1406 2765 1547 2815 Vide

479 2837 554 2886 =de
586 2839 798 2889 Vesuvii
834 2841 1023 2889 montis
1067 2841 1308 2891 incendio
1341 2843 1545 2904 elegan-

481 2913 734 2963 tissimam
773 2914 912 2964 Plin.
938 2916 1211 2979 ‘epistolam
1242 2916 1334 2967 lib.
1360 2931 1439 2968 vl.
1460 2933 1547 2982 ep.

479 2994 572 3040 16.

480 3122 481 3125 Ἴ
548 3076 572 3101 ⁰
603 3065 755 3130 Lites]
786 3069 1009 3132 Proprie
1038 3069 1104 3120 de
1130 3070 1448 3133 pestilentia.

547 3152 574 3186 Ρ
623 3146 770 3194 Nullo
817 3151 987 3195 vexato
1031 3147 1295 3210 [nonnullis
1329 3148 1545 3212 vexatis]

481 3217 550 3268 In
599 3221 730 3270 Mss.
785 3221 966 3276 Quibus
1013 3228 1175 3272 tamen
1221 3224 1362 3272 malis
1417 3226 1547 3273 nullo

472 3300 685 3343 vexato.-
718 3312 832 3360 quoe
878 3299 1261 3361 amplectuntur
1292 3298 1390 3347 viri
1425 3299 1546 3349 doe·

480 3370 690 3433 tissimi,
730 3371 868 3435 quod
907 3374 1071 3422 menti
1113 3374 1352 3423 Suetonii
1397 3374 1545 3424 vide-

482 3453 640 3497 antur
689 3449 1102 3500 accommodari:
1152 3464 1270 3513 esp.
1313 3455 1361 3499 8.
1409 3450 1544 3500 ‘Ur-

1627 2921 1793 2983 liquos
1824 2932 2002 2966 omnes
2031 2919 2119 2980 qui
2147 2917 2358 2965 Vesuvii
2392 2918 2583 2965 montis
2619 2917 2693 2965 in-

1629 2996 1815 3044 cendio
1850 2994 1960 3042 laesi
1996 2985 2134 3041 sunt.
2203 2992 2390 3055 Neque
2423 2994 2590 3041 minus
2630 3006 2693 3040 ea

1627 3071 1694 3120 ad
1711 3070 1944 3120 Suetonii
1961 3077 2184 3117 mentem
2207 3066 2356 3127 facit,
2375 3067 2464 3131 qni
2482 3068 2690 3128 ibidem,

1628 3149 1645 3177 ‘
1667 3150 1733 3198 Iu
1770 3149 1846 3197 bis
1879 3155 1958 3196 tot
1989 3146 2218 3195 adversis
2249 3159 2312 3194 se
2347 3145 2555 3204 talibus,
2588 3159 2689 3193 non

1627 3226 1780 3273 modo
1806 3210 2051 3286 principis
2075 3221 2481 3287 solicitudinem,
2513 3219 2605 3267 sed
2636 3225 2690 3268 et

1627 3300 1856 3364 parentis
1890 3295 2135 3346 affectum
2173 3296 2379 3344 unicum
2415 3296 2691 3358 praestitit:

1623 3390 1759 3424 nunc
1779 3372 2092 3423 consulundo
2106 3380 2364 3436 quatenus
2382 3377 2688 3435 suppeteret

1624 3449 1881 3502 facultas?

1378 3792 1590 3859 CAP.
1655 3793 1801 3858 XI.

1087 3929 1159 3979 T.
1206 3928 1538 3978 FLAVIUS
1584 3928 2088 3978 DOM1T1ANUS.

566 4033 635 4097 1.
681 4032 1210 4111 Domemnus,
1242 4030 1659 4117 Vespasiani
1689 4035 1757 4095 et
1788 4031 2167 4098 Domitillae
2195 4031 2458 4097 libertae
2483 4029 2677 4107 filius,

1418 4163 1779 4184 ‘eoeneum‘

548 4229 687 4279 Cu.
710 4244 791 4279 xx.
824 4234 850 4279 1
876 4237 891 4260 ‘
915 4230 1209 4294 Vespasiani.
1245 4228 1431 4280 Abfuit
1454 4247 1484 4280 a
1514 4230 1739 4294 vulgatis
1771 4230 2026 4280 omnibns.
2097 4231 2209 4281 Nos
2237 4244 2268 4279 e
2292 4231 2422 4280 Mss.
2448 4236 2504 4279 et
2523 4230 2680 4277 Vero-

474 4297 631 4344 nensi>
650 4297 994 4360 reposuimus,
1012 4297 1111 4348 uisi
1133 4298 1279 4346 etiam
1302 4310 1396 4358 pro
1417 4302 1465 4346 et
1489 4298 1665 4361 legere
1689 4296 1883 4347 mavis:
1919 4298 2009 4363 qui
2032 4305 2089 4347 et
2113 4297 2399 4353 Domitillae,
2431 4301 2492 4347 ut
2515 4293 2678 4345 Doni·
