3023 4942
463 375 594 440 444
1060 391 1290 443 saxrr
1340 394 1668 444 Auream
1717 393 2074 444 vroroars

1327 660 1541 728 CAP.
1601 659 1836 727 XLV.

985 813 1657 873 VALEN'HNIANUS,
1705 814 1797 861 m·
1846 813 2160 862 Flauus,

551 964 617 1027 1.
661 962 1327 1029 Vansu'rmtauus
1349 964 1711 1049 imperavit
1731 971 1776 1000 ¹¹²
1805 983 2015 1029 annos
2044 963 2430 1039 duodecim,
2456 959 2673 1026 minus

462 1064 708 1129 diebus
731 1072 1021 1130 centum.
1108 1064 1173 1128 2.
1222 1065 1450 1149 Hujus
1482 1072 1677 1148 pater
1709 1065 2083 1131 Gratianus
2113 1067 2437 1130 mediocri
2465 1064 2676 1146 stirpe

464 1174 657 1231 ortus
689 1167 873 1250 apud
904 1166 1234 1247 Cibalas,¹²
1277 1167 1612 1231 Funarius
1643 1168 2031 1252 appellatus
2063 1176 2198 1244 est,
2225 1188 2309 1233 eo
2341 1167 2529 1251 quod
2559 1184 2673 1251 ye—

468 1268 772 1333 nalitium
824 1270 1053 1334 funem
1082 1271 1379 1353 portanti
1414 1268 1712 1353 quinque
1765 1268 2013 1334 milites
2054 1269 2407 1353 nequirent
2450 1274 2676 1332 extor-

469 1390 695 1454 quere.
778 1373 845 1437 3.
889 1371 994 1436 Eo
1026 1372 1272 1436 merito
1303 1372 1562 1435 ascitus
1590 1370 1659 1434 in
1685 1370 2013 1442 militiam,
2035 1390 2253 1455 usque
2282 1370 2369 1436 ad
2394 1369 2678 1455 praefec·

466 1481 636 1538 turae
696 1476 1120 1558 praetorianae
1181 1474 1551 1558 potentiam
1597 1472 2035 1537 conscendit:
2101 1474 2189 1538 ob
2240 1472 2436 1558 cujus
2494 1470 2677 1555 apud

466 1576 717 1640 milites
749 1576 1418 1649 commendationem,
1451 1573 1936 1639 Valentiniano
1956 1576 2312 1660 imperium
2333 1571 2682 1639 resistenti

462 1679 841 1759 oggeritur.⁰
955 1680 1020 1742 4.
1067 1677 1210 1742 Hic
1267 1676 1627 1742 Valentem
1676 1678 2248 1760 consanguineum
2292 1696 2489 1741 sunm
2538 1674 2676 1738 sibi

468 1780 732 1844 socium
764 1782 831 1844 in
876 1781 1161 1864 imperio
1217 1780 1510 1859 ascivit3
1556 1799 1638 1844 ac
1669 1779 1941 1844 demum
1972 1779 2370 1846 Gratianum
2412 1778 2681 1858 filium}

467 1899 598 1945 nec
633 1881 788 1947 dum
832 1882 1025 1967 plene
1074 1883 1412 1964 puberem,
1443 1882 1709 1947 hortatu
1756 1902 1995 1947 socrus
2027 1888 2098 1946 et
2144 1861 2381 1947 uxoris
2407 1879 2680 1961 Augus-

467 1986 608 2046 tum
640 1986 916 2049 creavit.
981 1987 1046 2048 5.
1077 1984 1216 2048 Hic
1241 1983 1769 2049 Valentinianus
1789 1985 1921 2051 fuit
1953 1986 2140 2050 vultu
2169 1985 2438 2059 decens,
2466 1981 2682 2045 solers

468 2085 758 2168 ingenio,
808 2088 1031 2152 animo
1082 2087 1335 2167 gravis,
1377 2107 1689 2156 sermone
1736 2087 2177 2153 cultissimus.
2267 2084 2682 2167 Quanquam

466 2194 658 2252 esset
699 2188 786 2253 ad
825 2189 1239 2273 loquendum
1289 2208 1565 2273 parcus,
1614 2208 1917 2268 sever-ue,
1958 2190 2339 2263 vehemens,
2388 2186 2682 2249 infectus

462 2297 695 2355 tamen
724 2291 933 2369 vitiis,
961 2292 1392 2375 maximeque
1437 2292 1791 2370 avaritiae3
1837 2290 2035 2374 cujus
2065 2290 2339 2373 cupitor
2371 2288 2522 2370 ipse
2551 2283 2685 2350 fuit

465 2411 643 2471 acer,
673 2394 841 2488 etin
864 2394 1000 2475 his,
1025 2414 1180 2481 quae
1208 2401 1702 2461 memoraturus
1730 2414 1904 2474 sum,
1924 2393 2276 2458 Hadriano
2298 2390 2683 2477 proximus·

1379 2563 1412 2585 O
1418 2560 1757 2584 eoeneueoe

534 2664 671 2714 cn.
703 2679 833 2715 xnv.
888 2671 920 2717 ³
949 2665 1471 2730 Retinentt‘aggeritur
1494 2665 1618 2717 Ald.
1634 2667 1842 2716 Schott.
1862 2664 2059 2716 Gaesb.
2083 2662 2273 2727 Delpb.
2290 2661 2477 2712 Pitisc.
2500 2667 2688 2711 contra

465 2730 692 2779 Mem—5
733 2732 1016 2794 Quanquam
1038 2735 1161 2782 enim
1185 2733 1304 2783 Ald.
1332 2734 1541 2784 Schott.
1565 2732 1762 2783 Gaesb.
1791 2732 1985 2794 Delpb.
2007 2731 2192 2779 Pitisc.
2221 2736 2237 2758 ‘
2256 2729 2539 2790 Quanquam
2561 2732 2689 2775 esset

464 2795 752 2842 veronens.
774 2804 828 2845 et
852 2798 982 2845 Msa.
1004 2799 1145 2846 haesit
1167 2813 1261 2859 pro
1285 2805 1425 2861 essee,
1449 2799 1502 2848 in
1526 2797 1709 2860 quibus
1732 2806 1787 2846 et
1810 2796 1870 2846 τὸ
1890 2797 2132 2845 vehemens
2153 2793 2497 2843 desideratur.
2548 2791 2685 2839 Mox

465 2858 672 2917 infectus
693 2860 831 2908 vitiis
853 2861 1066 2917 Pithoei,
1090 2863 1292 2925 Cujacii
1318 2864 1447 2912 Mas.
1470 2872 1527 2912 et
1550 2863 1839 2912 veronens.
1872 2875 1973 2910 nou
2013 2862 2214 2923 plaeet3
2254 2872 2354 2906 nec
2387 2857 2514 2905 illud
2548 2855 2686 2917 eupi-

465 2930 544 2972 ιον
569 2939 661 2985 pro
683 2927 893 2987 punitor.
942 2927 1075 2976 Inde
1094 2935 1382 2978 memoratus
1399 2943 1504 2978 sum
1527 2928 1710 2989 scripti
1737 2927 1849 2976 libri
1874 2942 1890 2987 ;
1919 2926 2181 2989 vulgatam
2203 2930 2377 2973 tamen
2401 2921 2684 2971 lectionem

467 2998 528 3037 ut
552 2991 828 3039 castiorem
856 2989 1116 3053 praefero.'
1142 2991 1328 3041 δώσει.
1384 2994 1690 3055 ‘Quanquam
1710 2991 1849 3040 hoesit
1872 2992 1937 3040 ad
1962 2989 2110 3040 Leid.
2134 2992 2180 3040 1.
2239 2988 2539 3049 Quamquam
2560 2990 2684 3032 emet

466 3055 533 3102 ad
560 3057 703 3105 Leid.
728 3056 894 3116 alter3
931 3065 986 3104 et
1006 3071 1285 3120 quamquam
1305 3057 1433 3106 enim
1463 3057 1602 3106 hoesit
1625 3059 1689 3106 ad
1707 3054 1887 3106 Guelf.
1943 3056 2236 3117 Quamquam
2254 3058 2374 3101 esset
2406 3050 2686 3100 confirmat

468 3120 682 3179 Paullus
711 3122 987 3177 Diacouus,
1011 3123 1100 3185 qui
1134 3122 1248 3170 haec
1271 3131 1327 3170 et
1352 3123 1517 3172 multa
1541 3123 1719 3171 iisdem
1745 3128 1927 3170 narrat
1951 3121 2124 3168 verbis
2150 3118 2302 3167 initio
2327 3116 2445 3165 libri
2465 3113 2684 3165 undeci-

465 3186 555 3234 mi.
631 3185 884 3235 Vehemens
927 3187 1072 3235 abeat
1119 3188 1186 3236 ab
1232 3195 1454 3250 utroque
1498 3187 1650 3237 Leid.
1722 3186 1828 3235 Pro
1869 3185 2074 3245 infestus
2113 3184 2197 3248 [ut
2239 3181 2444 3232 Sebott.
2485 3177 2687 3230 Gaeab.

468 3249 664 3310 Delpb.
685 3251 892 3313 Pitisc.]
916 3266 1095 3305 omnes
1117 3266 1238 3300 mox
1263 3252 1446 3315 scripti
1463 3252 1688 3314 infectus,
1704 3267 1821 3314 quae
1837 3250 2045 3300 videtur
2063 3263 2187 3298 vera
2209 3249 2487 3309 scriptura,
2503 3258 2681 3308 quam·

465 3315 547 3363 vis
570 3315 849 3378 displiceat
871 3317 1218 3366 eruditissimo
1241 3317 1477 3367 Schotto.
1544 3318 1654 3366 Per
1677 3318 1910 3365 voculam
1944 3316 2081 3363 enim
2104 3319 2263 3363 tamen
2286 3311 2495 3375 reliquis
2522 3310 2680 3357 virtu·

468 3379 607 3428 tibus
630 3397 757 3444 quas
792 3390 1172 3443 memoraverat
1204 3381 1371 3443 addit,
1395 3397 1514 3431 eum
1548 3378 1800 3431 infectum
1833 3379 1994 3430 fuisse
2017 3380 2180 3441 vitiis,
2212 3385 2268 3426 et
2307 3377 2531 3424 maxime
2555 3373 2679 3422 vitio

469 3447 723 3494 avaritia».
790 3445 945 3498 Quod
969 3448 1021 3495 in
1047 3462 1108 3495 eo
1133 3447 1467 3508 Imperatore
1493 3448 1709 3495 damnat
1734 3446 1913 3495 itidem
1942 3444 2239 3494 Ammianus
2263 3441 2352 3490 lib.
2377 3452 2522 3489 xxx.
2546 3452 2594 3485 c.
2613 3435 2681 3486 8!

467 3509 646 3563 Arntz.
699 3512 714 3537 ‘
735 3509 885 3561 Quod
912 3517 1067 3559 tamen
1090 3511 1242 3559 abeat
1266 3511 1422 3562 codd.
1440 3511 1618 3562 Guelf.
1640 3526 1758 3561 cum
1784 3511 2014 3561 Gruner.
2045 3509 2218 3557 malim
2236 3508 2412 3567 legere
2435 3518 2498 3552 ac
2523 3505 2683 3551 inter-

468 3587 702 3637 pungere
723 3590 864 3625 nerm.
887 3577 1178 3635 cultissimus
1189 3593 1208 3633 ,·
1244 3591 1507 3640 quanquam
1530 3580 1654 3625 esset
1673 3579 1735 3625 ad
1758 3576 2039 3640 loquendum
2063 3587 2264 3638 parcus.-
2299 3571 2523 3629 Severus,
2539 3566 2679 3644 pene-

464 3653 616 3696 mene,
638 3640 844 3699 infectus
864 3641 1017 3698 vitiis,
1038 3639 1138 3705 &⁶3
1175 3641 1325 3692 Harl.
1394 3642 1604 3691 Punitor
1638 3657 1735 3705 pro
1765 3642 1979 3707 cupitor,
2000 3649 2054 3688 et
2089 3652 2210 3688 mox
2239 3637 2292 3686 in
2323 3637 2391 3685 iis
2412 3649 2508 3699 pro
2529 3648 2585 3682 tn
2604 3632 2679 3681 Itu

1462 3789 1688 3839 NOTAE

534 3890 572 3917 ⁸¹
605 3882 888 3945 Imperavit]
936 3884 1150 3933 Electus
1207 3890 1288 3934 est
1340 3882 1408 3934 A.
1466 3884 1536 3933 U.
1617 3882 1938 3933 Veronensis
1972 3879 2100 3931 edit.
2134 3877 2401 3940 oggeritur.
2468 3844 2680 3924 Utrum·

469 3964 618 4009 1116.
665 3966 783 4023 post
828 3961 889 4010 C.
929 3965 1044 4025 364.
1085 3967 1316 4010 mortuus
1361 3960 1428 4009 A.
1465 3961 1536 4010 U.
1618 3974 1720 4025 que
1744 3958 1953 4007 bonum.

471 4040 617 4085 112⁷.
641 4044 758 4098 post
787 4037 845 4087 C.
867 4041 983 4087 375.
1681 4044 1708 4080 1>
1729 4036 1803 4084 Ac
1814 4035 2000 4082 demum
2014 4030 2307 4079 Gratianum
2308 4026 2498 4093 filiunt]
2510 4025 2676 4077 Quem

536 4120 562 4146 ¹¹
598 4113 816 4180 Cibalae]
846 4114 912 4165 In
945 4110 1233 4164 Pannonia.
1299 4113 1419 4164 Jam
1449 4127 1535 4163 su·
1617 4111 1911 4174 Augustum
1947 4105 2291 4174 proclamavit
2321 4117 2457 4153 anno
2493 4109 2679 4167 quarto

472 4201 584 4252 pra.
1616 4187 1843 4253 imperii.

531 4272 556 4297 ⁰
603 4264 870 4325 oggeritur
918 4264 1227 4330 [aggeritur]
1288 4266 1419 4315 Mas.
1476 4273 1535 4315 et
