3023 4942
476 339 613 407 266

477 501 696 565 tolio-¹
781 500 846 565 ¹7.
879 500 1059 565 Boni
1087 499 1388 582 malique
1415 499 1486 562 in
1517 518 1663 583 rep.
1688 499 1849 565 nihil
1879 507 2006 578 est,
2024 502 2213 585 quod
2242 503 2312 566 in
2336 504 2679 569 diversum

478 602 744 666 traduci
783 608 1076 686 nequeat
1125 603 1426 666 moribus
1477 603 2006 687 praesidentium.
2094 603 2161 668 8.
2206 605 2500 688 AEquuS,
2543 607 2678 671 cle·

477 723 689 781 mena,
723 704 1283 787 patientissimus,
1331 710 1536 789 atque
1565 706 1637 768 in
1682 705 1944 768 amicos
2000 706 2380 788 perfidelis:
2428 708 2681 792 quippe

479 807 595 890 qui
623 806 820 871 Surae
850 807 1164 871 familiari
1195 827 1373 890 opus
1404 807 1827 884 sacraverit,y
1854 828 2011 891 quae
2045 809 2322 874 Suranae
2350 822 2526 873 sunt.
2612 810 2681 874 9.

477 905 718 991 Usque
744 929 832 973 eo
859 910 1268 976 innocentiae
1300 909 1536 990 fidens,
1563 911 1664 975 uti
1694 911 2083 992 praefectum
2113 914 2434 995 praetorio
2456 912 2682 976 Sabu-

477 1028 708 1075 ranum
740 1013 1062 1090 nomine?
1106 1033 1256 1078 cum
1287 1013 1550 1095 insigne
1579 1014 1959 1097 potestatiS,
1983 1015 2083 1078 uti
2112 1033 2262 1078 mos
2292 1022 2459 1090 erat,
2490 1015 2680 1099 pugi-

479 1114 1187 1190 onemdareterebro,
1221 1117 1594 1180 monuerit:
1639 1116 1798 1180 Tibi
1826 1116 2029 1180 istum
2064 1115 2153 1180 ad
2196 1117 2681 1181 munimentum

477 1215 610 1302 mei
643 1217 1010 1294 committo,
1044 1217 1106 1280 si
1135 1222 1318 1281 recte
1340 1237 1579 1299 agam3
1608 1216 1713 1281 sin
1742 1217 1960 1294 aliter,
1985 1219 2051 1282 in
2074 1239 2186 1282 me
2213 1220 2471 1301 magis:
2498 1219 2680 1302 quod

477 1317 970 1383 moderatorem
1001 1321 1295 1383 omnium
1326 1320 1431 1384 vel
1459 1340 1674 1384 errare
1697 1322 1918 1384 minus
1948 1320 2056 1384 fas
2083 1322 2198 1385 sit.
2263 1319 2450 1399 Quin
2481 1322 2682 1385 etiam

479 1419 962 1499 vinolentiam,⁸
1019 1442 1154 1505 quo
1197 1423 1391 1500 vitio,
1420 1422 1521 1488 uti
1571 1422 1826 1500 Nerva,
1861 1421 2283 1504 angebatur‚'’
2324 1421 2682 1507 prudentia

476 1521 893 1602 molliverat3
938 1525 1157 1588 curari
1193 1534 1426 1589 vetans
1443 1527 1646 1610 jussa
1672 1534 1836 1609 post
1864 1525 2201 1608 longiores
2228 1526 2484 1608 epulas.
2573 1527 2681 1589 10.

479 1622 621 1688 His
653 1626 1006 1691 virtutibus
1036 1632 1193 1691 acto
1218 1627 1494 1711 imperio
1528 1647 1745 1692 annos
1773 1647 1992 1712 prope
2019 1627 2302 1709 viginti‚0
2347 1647 2502 1691 cum
2552 1633 2682 1693 ter-

1069 353 1299 404 snx'rl
1349 356 1677 405 ananau
1727 337 2084 407 vio'roms

1399 1773 1759 1795 ommOn

476 1850 601 1912 fuit,
625 1868 724 1903 nou
741 1853 1006 1916 prefecto!
1028 1856 1335 1906 Senem—⁹
1367 1855 1609 1905 Pretorio
1624 1855 1942 1907 Suburanam.
1974 1857 2112 1906 Vide
2128 1858 2257 1908 Not.
2282 1857 2473 1920 Delpli.
2495 1858 2511 1886 ⁴
2528 1856 2682 1907 Quod

476 1918 562 1969 bic
585 1918 651 1966 de
675 1920 778 1968 alio
801 1919 1052 1983 praefecto
1075 1921 1483 1971 comminiscitur
1501 1929 1618 1982 post
1636 1922 1883 1986 Sylburg.
1899 1924 2204 1972 doctissima
2224 1922 2375 1973 Anna
2396 1923 2517 1970 mibi
2544 1923 2684 1971 nullo

477 1983 633 2032 modo
655 1982 767 2032 fieri
791 1993 961 2047 potest
987 1986 1277 2034 verosimile
1292 2002 1307 2044 ;
1341 2000 1461 2035 cum
1485 1986 1631 2034 credi
1656 1988 1743 2035 vix
1764 1989 1926 2050 possit
1953 1988 2031 2036 bis
2056 1987 2240 2037 eodem
2264 1988 2405 2036 dicto
2422 1986 2683 2035 confiden-

478 2047 604 2097 tiam
640 2050 796 2098 animi
822 2051 1084 2113 aperuisse
1106 2051 1425 2113 Trajanum;
1472 2049 1611 2113 quod
1636 2052 1676 2099 si
1701 2053 1858 2103 etiam
1885 2052 2084 2101 facturn
2122 2051 2329 2112 fuisset,
2369 2066 2469 2099 non
2504 2065 2684 2100 omnes

475 2112 712 2161 historici
736 2114 786 2162 id
816 2116 1038 2164 unanimi
1062 2120 1319 2166 consensu
1343 2117 1406 2165 ad
1434 2129 1588 2164 unum
1611 2116 1796 2166 Suram
1816 2120 2115 2167 traxissent.
2155 2119 2235 2165 De
2254 2116 2354 2163 alio
2380 2130 2497 2164 cum
2522 2117 2682 2163 altum

476 2178 545 2226 sit
571 2179 853 2235 silentium,
875 2191 1058 2242 aperte
1083 2181 1270 2229 mendo
1295 2180 1531 2230 laborare
1562 2181 1829 2237 Nostrum,
1855 2183 2117 2244 judicavit
2143 2181 2251 2240 jam
2278 2182 2397 2227 olim
2423 2180 2684 2229 Livineius

476 2244 541 2290 ad
560 2243 698 2291 Plin.
721 2243 921 2307 Paneg.
944 2259 991 2296 e.
1015 2250 1098 2294 67.
1121 2248 1149 2310 ς
1173 2250 1222 2294 8.
1246 2252 1299 2294 et
1320 2246 1455 2293 hunc
1480 2247 1647 2293 locum
1676 2247 1912 2306 laudans,
1935 2261 2023 2296 eas
2049 2260 2198 2293 voces
2215 2246 2517 2294 Suburanam
2537 2245 2685 2294 nonai-

476 2321 535 2354 κε
561 2310 918 2369 praetermittit
941 2311 1135 2359 Savaro
1161 2311 1223 2357 ad
1248 2310 1426 2358 Sidon.
1447 2324 1607 2358 carm.
1635 2324 1688 2359 v.
1713 2327 1847 2359 vers.
1884 2316 1999 2360 663.
2067 2313 2153 2359 De
2178 2309 2485 2358 confusione
2523 2310 2685 2357 nomi-

477 2386 620 2436 num,
642 2389 786 2432 sure,
820 2376 1006 2434 surani,
1030 2385 1084 2424 et
1104 2375 1344 2433 suburam,
1369 2373 1552 2423 confer
1576 2375 1798 2425 Casaub.
1823 2387 1873 2425 et
1900 2389 2110 2425 ceteros
2136 2375 2198 2423 ad
2224 2377 2401 2438 Spart.
2429 2374 2683 2423 Hadrian.

477 2452 595 2501 cap.
618 2441 666 2488 3.
694 2454 744 2503 p.
768 2439 866 2487 313
889 2441 1063 2489 Arntz.
1131 2441 1264 2489 Tum
1301 2441 1537 2501 agebatur
1562 2454 1656 2503 pro
1678 2443 1943 2503 angebatur
1964 2443 2195 2491 correxit
2217 2441 2289 2489 Is.
2312 2440 2604 2491 casaubon.
2629 2448 2686 2488 et

477 2504 724 2564 probavit
747 2502 1081 2555 Armzenius.
1150 2507 1279 2553 Tum
1319 2505 1586 2567 ‘longiores
1606 2509 1806 2567 epulas:
1839 2508 1888 2555 h.
1926 2522 1973 2555 e.
2010 2509 2339 2571 tempestiva,
2371 2507 2607 2554 convivia
2630 2506 2686 2553 in

477 2568 665 2631 quibus
687 2570 912 2628 largiore
936 2571 1054 2620 vino
1081 2572 1395 2619 utebantur:
1433 2585 1595 2634 quare
1621 2571 1893 2620 Arnrzenii
1916 2574 2229 2635 conjectura,
2252 2572 2485 2632 largiores
2508 2573 2687 2633 epulas,

478 2641 635 2683 acuta
665 2635 879 2698 quidem
900 2643 1000 2700 est,
1035 2650 1135 2686 nec
1170 2645 1341 2686 tamen
1379 2636 1711 2686 necessaria)
1737 2637 2022 2687 Harl.--lo
2053 2640 2069 2665 ‘
2087 2637 2396 2688 Antiochiam
2425 2641 2689 2699 ceteraque.

1479 2764 1699 2815 NOTAE

540 2866 567 2892 ¹
602 2859 841 2919 Praesecto
878 2862 1094 2911 medente
1132 2859 1383 2923 Anatolio]
1418 2859 1542 2907 Am·
1620 2876 1780 2911 rusne
1805 2870 2020 2911 vocatus
2041 2860 2364 2926 fuerit,satis
2383 2861 2688 2924 nonliquet.

475 2935 631 2985 mian.
653 2925 951 2986 Marcellin.
978 2936 1069 2984 lib.
1091 2948 1213 2985 xix.
1246 2942 1260 2965 ⁴
1282 2934 1541 2998 Quodque

473 3010 722 3061 Anatolio
757 3020 974 3075 regente
1005 3018 1130 3060 tune
1157 3024 1251 3071 per
1273 3009 1539 3072 Illyricum

473 3087 864 3151 praefecturam,
888 3088 1184 3137 necessaria
1212 3096 1421 3147 cuncta,
1454 3088 1540 3137 vel

474 3175 601 3215 ante
642 3174 848 3227 tempus
884 3172 1064 3215 coacta
1097 3164 1208 3214 siue
1250 3166 1402 3214 ullius
1436 3164 1540 3214 dis-

385 3247 391 3257 ‘
473 3240 663 3304 pendio
701 3238 1017 3297 affluebant,¹
1051 3244 1152 3291 &e-
1219 3241 1461 3291 Meminit
1483 3246 1540 3291 et

476 3320 572 3368 lib.
600 3333 724 3369 xxr.
1180 3316 1184 3326 ’

540 3404 564 3439 5
601 3397 732 3459 Opus
768 3394 1059 3458 sacraverit]
1094 3396 1367 3452 Thermas,
1413 3411 1540 3461 qua-

473 3487 588 3522 rnm
622 3473 781 3521 rninae
821 3472 875 3520 in
904 3469 1171 3521 Aventino
1189 3472 1345 3521 hodie
1367 3472 1541 3520 visun-

477 3555 564 3597 tur
586 3548 637 3595 in
662 3546 836 3595 vineto
858 3545 1082 3610 quodam
1107 3561 1271 3611 prope
1288 3549 1541 3612 ternplum

475 3627 535 3675 S.
554 3625 771 3674 Priscae.
902 3659 905 3660 γ

510 3729 513 3732 1
541 3700 869 3750 *Sabat-anum
884 3698 1172 3764 [Sabutum]
1187 3702 1396 3767 nomine]
1409 3702 1541 3753 Haec

473 3793 504 3826 a
541 3778 713 3841 glossa
746 3791 861 3825 esse
896 3778 1224 3840 suspicantur
1258 3777 1355 3826 viri
1378 3778 1542 3841 docti,

476 3853 633 3919 quod,
654 3869 769 3918 quae
795 3855 880 3904 liic
902 3871 933 3905 a
955 3857 1174 3906 Victore
1199 3855 1460 3915 dicuntur,
1476 3870 1542 3905 ea

473 3931 540 3980 ad
583 3932 833 3982 Licinium
875 3934 1077 3995 Suram,
1121 3933 1326 3996 dequo
1369 3948 1544 3996 supra,

476 4010 794 4072 pertineant.
862 4010 977 4071 Ego
1025 4023 1149 4058 vero
1200 4008 1418 4057 dubito:
1456 4009 1542 4058 hic

473 4086 610 4134 enim
666 4085 733 4133 de
786 4085 1044 4148 praefecto
1091 4082 1267 4133 forsan
1315 4084 1543 4148 loquitur

478 4160 680 4223 Victor,
703 4161 785 4209 cui
823 4174 958 4208 anno
993 4160 1159 4222 primo
1187 4160 1388 4222 imperii
1414 4161 1541 4210 Tra-

462 4237 623 4301 janus
646 4249 824 4286 ensem
849 4235 1091 4299 tradidit,
1113 4237 1345 4300 quamvis
1372 4236 1543 4285 Sabu-

1621 2936 1695 2987 At
1716 2939 1966 2988 Soranum
1992 2940 2131 2986 illum
2158 2952 2293 2986 anno
2313 2944 2518 2987 tanturn
2540 2938 2688 2999 quin·

1621 3020 1677 3065 to
1712 3015 1917 3077 imperii
1944 3014 2251 3077 praefectum
2281 3013 2533 3078 praetorio
2562 3014 2689 3063 Tra-

1612 3090 1772 3154 janus
1794 3089 1940 3140 feeit.
2066 3137 2070 3142 .

1684 3174 1711 3202 ⁸
1750 3167 2092 3230 Vinolentiam]
2129 3168 2215 3216 De
2250 3165 2466 3229 Trajani
2504 3166 2690 3215 vinosi-

1623 3250 1731 3292 tate
1751 3243 1852 3291 Dio
1869 3242 2096 3304 Cassius,
2116 3241 2444 3305 Lampridius
2463 3242 2513 3294 in
2531 3240 2687 3291 Alex-

1621 3318 1786 3369 andro
1802 3314 2017 3372 Severo,
2041 3325 2095 3366 et
2119 3316 2283 3368 AElius
2298 3319 2603 3381 Spartianus
2620 3318 2685 3366 de

1620 3394 1886 3444 Adriano:
1924 3392 2391 3457 ‘Quandoquidem
2429 3400 2484 3441 et
2525 3393 2689 3443 indul·

1622 3473 1754 3522 sisse
1799 3470 1919 3518 vino
1954 3485 2009 3518 se
2054 3469 2183 3518 dicit
2216 3469 2426 3531 Trajaui
2463 3471 2687 3520 moribus

1620 3549 2015 3615 obsequentem.
2096 3546 2275 3611 Atque
2314 3546 2384 3595 ob
2418 3547 2516 3597 boc
2562 3560 2620 3594 se
2660 3560 2689 3593 a

1618 3624 1846 3686 Trajano
1866 3622 2274 3683 locupletissime
2296 3621 2659 3672 muneratum?

1683 3699 1708 3734 b
1738 3698 2058 3761 Augebatur}
2072 3698 2415 3750 scribendum
2428 3699 2659 3759 agebatur
2670 3713 2690 3756 ,-

1621 3778 1638 3805 ‘
1659 3776 1740 3838 agi
1763 3774 1922 3824 viiio'
1958 3781 2063 3824 tam
2088 3776 2277 3824 Latine
2307 3774 2517 3833 dicitur,
2537 3788 2685 3836 quam

1620 3850 1806 3903 falsum
1830 3860 1911 3900 est
1939 3851 1955 3879 ‘
1977 3850 2104 3900 vitio
2128 3851 2248 3913 angi
2267 3850 2280 3871 '
2305 3851 2566 3903 vitiosum,
2590 3862 2688 3912 quo

1622 3928 1936 3977 delectatur.
2002 3927 2094 3976 Sic
2138 3928 2261 3976 alibi
2308 3926 2444 3977 dixit
2498 3927 2688 3976 Noster

1624 4005 1640 4031 ‘
1660 4005 1744 4065 agi
1784 4002 2001 4051 libidine
2018 4001 2051 4051 τ’
2084 4016 2299 4051 numero
2328 4006 2411 4051 39.
2445 4008 2459 4030 ‘
2478 4002 2688 4065 Quippe

1625 4079 1939 4128 Herculeius
1979 4078 2193 4126 libidine
2222 4086 2371 4127 tanta
2404 4076 2685 4141 agebatur:

1625 4156 1759 4207 Haec
1802 4169 1869 4203 ex
1914 4154 2209 4206 casauboni
2254 4155 2309 4208 in
2351 4156 2684 4219 Spanianum

1623 4233 1761 4283 notis
1783 4232 2023 4284 desumta
2046 4239 2189 4282 sunt.
