3023 4942
541 738 1489 850 PRAEFATIONIS
1560 757 2542 850 GRUNERIANAE

1176 1012 1903 1120 PAR‘rlcULA.
2563 1080 2597 1099 κ

437 1538 873 1641 LlnELmS,
904 1584 1074 1648 quos
1118 1564 1246 1627 sub
1292 1563 1557 1626 nomine
1597 1561 1852 1629 Aurelii
1893 1562 2197 1630 Victoris
2236 1567 2643 1653 conjunctim

432 1665 563 1730 hoc
589 1667 922 1731 volumine
953 1668 1174 1733 editos
1204 1665 1414 1738 vides,
1443 1665 1772 1731 benevole
1802 1666 2071 1745 Lector,
2100 1688 2237 1733 non
2268 1689 2467 1734 unum
2501 1691 2646 1736 om-

432 1787 556 1832 nes
598 1779 944 1835 auctorem
986 1770 1262 1848 habere,
1307 1769 1556 1833 dudum
1584 1767 1734 1851 jam
1774 1770 2212 1836 observarunt
2248 1772 2375 1837 viri
2419 1772 2643 1839 docti:

430 1869 639 1953 idque
676 1871 899 1955 ipsum
930 1893 1019 1936 ex
1052 1873 1217 1956 styli
1248 1871 1638 1936 diversitate
1667 1871 1766 1936 ita
1785 1871 2230 1953 ⁸manifestum
2261 1891 2413 1937 esse
2443 1881 2644 1957 pute,

431 1978 513 2034 ut
551 1972 620 2036 in
657 1972 937 2038 dubium
967 1975 1193 2041 vocari
1225 1975 1426 2059 plane
1458 1979 1773 2055 nequeat.
1859 1973 2017 2048 Sed,
2050 1975 2295 2056 singuli
2327 1995 2368 2039 a
2399 1976 2646 2059 quibus

433 2074 669 2158 scripti
715 2077 868 2152 sint,
900 2077 959 2141 si
1004 2095 1297 2161 quaeraS,
1332 2095 1469 2140 non
1506 2095 1711 2158 aeque
1753 2082 2000 2141 certam
2039 2097 2177 2140 rem
2220 2096 2371 2142 esse
2417 2078 2644 2161 depre-

429 2174 699 2242 hendes,
801 2179 1027 2257 Quam
1071 2179 1355 2243 infirmis
1398 2178 1773 2243 rationibus
1816 2179 2130 2255 nitantur,
2177 2182 2297 2263 qui
2347 2180 2643 2245 libellum

431 2280 454 2311 ‘
482 2278 568 2343 de
601 2280 877 2364 Origine
909 2281 1154 2347 Gentis
1185 2281 1557 2347 Romanae’
1595 2282 1680 2346 a'd
1709 2280 2091 2346 Asconium
2123 2271 2500 2347 Pedianum
2542 2303 2644 2347 re-

430 2379 666 2461 ferunt,
696 2383 854 2448 nolo
889 2385 1036 2468 ⁸iam
1076 2385 1384 2468 pluribus
1427 2383 1807 2467 disputare;
1853 2404 2006 2449 cum
2051 2390 2213 2469 post
2251 2385 2426 2450 alios
2454 2385 2522 2450 id
2556 2387 2644 2449 ab

429 2482 794 2551 Arntzenio
823 2489 1074 2554 factum
1105 2489 1215 2553 sit.
1291 2487 1428 2551 Sed
1456 2487 1948 2571 inscriptionem
1978 2488 2189 2554 libelli
2218 2509 2350 2553 non
2378 2490 2465 2553 ab
2488 2489 2645 2572 ipso

431 2593 710 2653 auctore
750 2589 1142 2673 profectam,
1172 2590 1402 2673 potius
1444 2610 1488 2654 a
1517 2592 1874 2655 recentiore
1903 2612 2099 2657 manu
2131 2591 2431 2656 additam
2465 2611 2647 2669 esse,

427 2706 566 2755 nou
613 2675 1256 2758 temere‘affirmavit
1297 2691 1409 2759 J0.
1440 2690 1602 2759 Alb.
1636 2690 2013 2771 Fabricius»,
2059 2693 2242 2757 Bibl.
2290 2692 2439 2757 Lat.
2487 2692 2648 2757 Vol.

434 2805 486 2853 1.
517 2811 586 2874 p.
613 2793 770 2858 571.
857 2794 1175 2859 Inventor
1218 2793 1394 2877 ejuS,
1423 2795 1811 2878 quicunque
1856 2794 2076 2868 fuerit,
2105 2794 2375 2858 ‘videtur
2404 2799 2650 2877 praeter

431 2896 840 2975 opusculum
871 2895 1037 2964 illud
1066 2896 1274 2960 libros
1305 2899 1326 2929 ‘
1351 2895 1434 2964 de
1465 2894 1655 2960 Viris
1687 2893 2112 2972 musti-ibus?
2147 2902 2217 2960 et
2246 2900 2267 2933 ‘
2298 2894 2382 2959 de
2414 2893 2648 2960 Caesa-

429 2994 654 3058 ribus’
689 3016 828 3061 uno
865 2998 1208 3062 volumine
1237 2997 1583 3075 habuisse,
1613 2997 1851 3080 illique
1882 2996 2205 3060 volumini
2243 2998 2500 3061 titulum
2536 3016 2648 3061 ac·

432 3098 925 3165 commodasse.
1037 3098 1204 3165 Inde
1255 3101 1461 3183 igitur
1511 3100 1596 3163 de
1644 3099 1862 3182 ipsius
1904 3099 2119 3163 libelli
2167 3106 2434 3164 auctore
2482 3098 2649 3162 nihil

416 3195 776 3283 'suspicari
804 3202 986 3268 licet.

521 3301 841 3386 Sequitur
878 3293 1050 3369 liber
1095 3304 1225 3370 ‘de
1267 3305 1456 3372 Viris
1503 3302 1929 3380 IllustribuS‚'
1978 3324 2178 3387 quem
2221 3304 2378 3369 olim
2424 3302 2648 3367 Plinio

432 3406 764 3481 nonnulli,
817 3407 933 3472 alii
985 3406 1295 3472 Cornelio
1352 3406 1633 3490 Nepoti,
1686 3406 1806 3470 alii
1858 3406 2192 3471 Suetonio
2243 3399 2672 3489 Tranquillo

433 3495 821 3575 tribuerunt.
912 3510 1145 3575 Hodie
1185 3511 1401 3573 minus
1444 3508 1694 3590 ambigi
1735 3508 1976 3585 solere,
2010 3507 2253 3573 scribit
2295 3505 2649 3571 Fabricius

434 3610 482 3674 l.
532 3629 590 3673 c.
643 3609 994 3677 Aurelium
1046 3613 1396 3678 Victorem
1456 3610 1808 3691 genuinum
1861 3610 2008 3693 ejus
2064 3616 2402 3674 auctorem
2452 3628 2648 3688 esse;

434 3730 722 3796 eamque
775 3715 1158 3797 opinionem
1215 3714 1338 3777 niti
1389 3710 1787 3776 auctoritate
1836 3717 2134 3776 veterum
2190 3711 2523 3785 codicum,
2573 3710 2650 3774 in

436 3814 681 3898 quibus
718 3816 988 3880 libellus
1025 3817 1152 3880 iste
1192 3814 1456 3878 dicatur
1497 3832 1658 3898 pars
1692 3813 1876 3896 prior
1907 3811 2649 3882 historiaeabbreviatae

434 3914 764 3981 Victoris.
870 3918 1004 3983 Sed
1061 3915 1465 3981 Arntzenius
1517 3915 1793 3982 codices
1849 3915 2024 3980 Mss.
2073 3933 2308 3979 omnes
2355 3913 2649 3977 Plinium

433 4021 782 4084 auctorem
812 4020 1157 4083 nominare
1187 4024 1516 4099 testatur;
1562 4022 1764 4102 atque
1794 4018 1891 4082 ita
1920 4024 2204 4101 septem,
2229 4016 2473 4099 quibus
2499 4016 2648 4099 ipse

435 4140 602 4186 usus
649 4122 759 4201 sit,
800 4120 946 4185 sine
990 4121 1128 4186 ulla
1170 4119 1543 4184 varietate:
1595 4119 1712 4203 qui
1760 4118 1947 4183 aliud
1995 4116 2494 4193 affirmaverint,
2534 4133 2649 4200 eos

437 4222 639 4288 nimis
693 4241 923 4288 secure
974 4221 1326 4289 Schottum
1378 4226 1651 4310 secutos
1699 4239 1876 4286 esse.
1965 4217 2234 4298 Quodsi
2285 4218 2488 4285 etiam
2534 4217 2648 4281 de-
