3023 4942
463 372 595 436 410
1065 384 1294 435 sax-rr
1343 384 1667 435 ananau
1720 383 2070 434 vrci-oms

1272 614 1482 680 GAP.
1545 615 1851 683 XXIII.
1899 637 1905 644 ·

621 748 1013 798 suasurus
1061 750 1509 799 lim-omnus
1559 752 1845 801 vlumus
1894 749 2516 800 HamocAnAwS.

555 866 617 929 1.
664 863 1070 933 AUREMUS
1103 867 1567 934 ANTonus
1601 870 1930 946 VARIUS,
1957 872 2138 936 idem
2159 868 2660 951 Heliogabalus

471 968 715 1042 dictus,
748 968 1117 1034 Caracallae
1168 990 1255 1033 ex
1287 970 1556 1035 Soemea
1607 974 2006 1037 consobrina
2044 971 2307 1037 occulte
2357 977 2661 1053 stuprata
2763 983 2766 986 ’

468 1069 698 1146 filius?
736 1064 1090 1154 imperavit
1116 1072 1382 1137 biennio
1413 1080 1480 1137 et
1508 1073 1849 1138 mensibus
1882 1083 2060 1138 octo.
2150 1074 2216 1137 2.
2263 1073 2495 1156 Hujus
2525 1091 2658 1135 ma-

470 1173 590 1237 tris
619 1171 911 1238 Soemeae
936 1194 1102 1239 avus
1126 1175 1504 1240 Bassianus
1535 1178 1825 1254 nomine,
1847 1176 2273 1250 fueratSolis
2306 1173 2658 1253 sacerdos3

474 1294 674 1357 quem
709 1274 1095 1351 PhoeniceS,
1128 1277 1304 1340 unde
1327 1285 1493 1353 erat,
1527 1275 2099 1358 Heliogabalumb
2127 1276 2588 1350 nominabant,
2620 1292 2661 1337 a

471 1396 604 1460 quo
655 1378 786 1442 iste
807 1387 832 1416 ⁶
887 1379 1376 1461 Heliogabalus
1425 1379 1650 1443 dictus
1701 1387 1831 1442 est.
1918 1380 1980 1443 3¹.
2031 1378 2103 1442 Is
2156 1398 2307 1442 cum
2370 1374 2659 1440 Romam

470 1479 718 1562 ingenti
746 1480 1032 1545 militum
1062 1491 1131 1546 et
1157 1488 1428 1546 senatus
1469 1482 1934 1564 expectatione
1960 1476 1988 1517 ‘¹
2036 1480 2355 1558 venisset,
2399 1476 2663 1563 probris

471 1602 548 1646 se
579 1584 888 1647 omnibus
917 1583 1417 1649 contaminavit.
1492 1581 1953 1666 Cupiditatem
1981 1583 2221 1667 stupri,
2250 1600 2450 1666 quam
2483 1598 2664 1643 asse-

470 1685 591 1770 qui
621 1692 875 1749 naturae
908 1686 1170 1760 defectu
1203 1685 1500 1752 nondum
1524 1691 1812 1768 poterat,
1842 1685 1910 1748 in
1935 1705 2009 1748 se
2033 1690 2442 1760 convertenS‚
2471 1682 2665 1746 muli-

472 1786 619 1850 ebri
640 1787 908 1850 nomine
933 1787 1334 1852 Bassianam
1365 1806 1441 1851 se
1471 1806 1596 1870 pro
1622 1785 1958 1851 Bassiano
1978 1786 2279 1869 jusserat
2309 1784 2667 1868 appellari.

476 1884 831 1951 Vestalem
864 1882 1180 1970 virginem
1205 1897 1229 1925 ⁶
1258 1888 1459 1973 quasi
1489 1888 1922 1954 matrimonio
1942 1886 2232 1971 jungens
2263 1903 2415 1963 suo,
2447 1884 2667 1949 absci-

476 1988 707 2072 sisque
765 1991 1182 2071 genitalibuS,
1244 1989 1456 2054 Matri
1518 2008 1592 2053 se
1659 1987 1932 2070 Magnae
1986 1988 2301 2054 sacravit.
2410 1989 2476 2051 4.
2523 1985 2667 2049 Hic

469 2088 917 2170 Marcellum,f
960 2093 1077 2176 qui
1119 2102 1280 2176 post
1322 2091 1717 2157 Alexander
1764 2091 1988 2156 dictus
2033 2100 2161 2166 est,
2195 2089 2667 2155 consobrinum

469 2203 722 2273 suum,⁸
751 2194 1087 2261 Gaesarem
1117 2195 1303 2259 fecit.
1363 2198 1428 2260 5.
1458 2193 1625 2278 Ipse
1651 2194 1938 2259 tumultu
1969 2193 2244 2260 militari
2270 2191 2671 2258 interfectus

1391 2340 1606 2364 ΝΟΜ
1610 2341 1757 2362 Onu

537 2422 860 2474 Cae-xxm.
929 2428 954 2473 1
999 2424 1149 2474 Varus
1188 2421 1365 2474 Guelf.
1451 2424 1603 2474 Verus
1641 2422 1791 2474 Leid.
1836 2428 1889 2474 2.
1926 2431 2148 2486 uterque
2194 2422 2326 2470 male
2372 2424 2433 2473 ut
2459 2419 2670 2485 judicat

470 2485 660 2538 Arata.
725 2490 851 2537 Mox
889 2488 1056 2538 Sennea
1091 2488 1223 2538 Aldr
1253 2491 1460 2540 Schott.
1496 2489 1695 2540 Gaesb.
1737 2490 1928 2553 Delph.
1963 2490 2143 2538 Pitisc.
2213 2487 2379 2536 Semea
2408 2485 2666 2535 concubiae

472 2552 808 2614 Augustanus
831 2553 1046 2602 θοὰ-2
1083 2554 1186 2602 Pro
1211 2555 1322 2602 solis
1344 2555 1543 2617 aliquot
1577 2553 1698 2604 edd.
1724 2562 1865 2603 teste
1899 2554 2081 2601 Arntz.
2117 2555 2166 2601 in
2203 2553 2436 2614 margine
2472 2551 2673 2600 addunt

471 2617 633 2665 sonis.
698 2616 875 2665 Verba
909 2618 1179 2678 sequentia
1214 2634 1351 2680 quem
1389 2619 1592 2668 Phoen..
1620 2652 1633 2667 .
1659 2620 1851 2668 .dietus
1874 2624 1943 2668 est
1979 2619 2029 2666 in
2068 2616 2191 2666 Ald.
2222 2617 2669 2666 desiderantur.—

473 2685 506 2730 3
540 2680 747 2739 Defeclu
767 2696 858 2729 non
876 2687 1060 2742 poterat
1083 2683 1197 2731 aliae
1215 2683 1335 2731 edd.
1356 2691 1555 2745 praeter
1577 2684 1697 2744 Bip.
1722 2683 1845 2732 Ald.
1868 2692 1923 2733 et
1945 2683 2067 2731 edd.
2095 2688 2225 2732 vett.
2260 2691 2440 2730 contra
2470 2681 2671 2732 Mn.—

365 2804 373 2815 .
473 2748 507 2794 4
546 2746 648 2794 Pro
669 2746 950 2795 Marcellum
969 2746 1173 2797 Schott.
1198 2748 1415 2811 conjicit
1434 2747 1712 2811 legendum
1734 2750 1813 2798 M.
1834 2748 2085 2798 Aurelium
2100 2763 2122 2806 ,·
2157 2746 2417 2812 improbb.
2441 2746 2593 2796 Anna
2614 2750 2670 2791 et

1462 2859 1685 2911 NOTAE

539 2961 565 2988 ⁸
599 2955 857 3004 Caracalla
875 2970 940 3006 ex
958 2956 1144 3006 Soemea
1157 2956 1434 3006 consobrina
1451 2991 1466 3006 .
1483 2988 1499 3006 .
1518 2992 1533 3008 .

459 3029 628 3101 filius]
684 3030 806 3081 Fuit
851 3034 926 3080 vir
956 3029 1196 3097 quidam,
1251 3034 1533 3083 Bassianus

1616 2959 1707 3008 sed
1732 2961 1889 3009 etiam
1913 2959 1965 3007 in
1982 2957 2232 3020 sanguine
2250 2953 2512 3004 redditum
2531 2952 2672 3003 vide·

1616 3035 1790 3096 batur,
1824 3050 1941 3085 cnm
1980 3048 2036 3083 se
2075 3032 2396 3082 Antoninum
2434 3029 2672 3079 Bassiani

474 3109 700 3163 nomine,
743 3108 824 3157 cui
869 3108 988 3157 filiae
1031 3109 1171 3160 Julia
1211 3117 1266 3159 et
1309 3108 1496 3161 Maesa
1518 3125 1532 3158 ε

471 3184 509 3236 J
515 3184 617 3233 ulia
641 3185 985 3248 caracallam,
1005 3184 1187 3234 Maesa
1203 3186 1455 3234 Soemeam
1479 3190 1535 3234 et

474 3261 804 3310 Mammoeam
829 3261 961 3310 filias
979 3260 1179 3310 habuit.
1235 3262 1398 3311 Vides
1419 3262 1530 3325 Sta·

471 3348 639 3399 meam
656 3345 710 3384 et
731 3337 1047 3386 caracallam
1067 3337 1418 3387 consobrinos.
1451 3339 1533 3387 Ex

473 3409 573 3460 hac
597 3412 798 3461 Soemea
821 3420 877 3461 et
898 3412 1082 3462 eodem
1099 3413 1366 3463 Caracalla
1383 3419 1534 3462 natus

1614 3098 1775 3159 filium
1796 3111 2106 3173 scripsisset,
2128 3108 2307 3172 ingens
2335 3107 2447 3171 ejus
2471 3104 2675 3154 deside·

1616 3176 1754 3234 rium'
1772 3185 1973 3235 factum
1995 3183 2114 3235 est-³

1680 3269 1703 3295 θ
1748 3263 1983 3312 Vestalem
2023 3259 2281 3322 virginem]
2348 3259 2632 3321 Distingue
2652 3268 2670 3302 ε

1615 3339 1849 3389 Muliebri
1868 3338 2054 3387 nemine
2072 3337 2362 3386 Bassianam
2379 3350 2431 3385 se
2443 3350 2529 3398 pro
2547 3335 2675 3383 Bae·

1616 3418 1751 3466 siano
1772 3416 1988 3479 jusserat
2020 3414 2263 3478 appellari,
2307 3413 2546 3464 Vestalem
2576 3411 2675 3460 eir-

440 3496 449 3503 “
477 3487 850 3549 Heliogabalus
864 3505 883 3539 :-
917 3503 985 3538 ex
1009 3478 1286 3537 Mammaea
1310 3489 1537 3538 Alexan·
1612 3494 1776 3554 ginem
1820 3492 1959 3556 quasi
1994 3489 2293 3540 neutrimonio
2323 3489 2537 3550 jungens
2571 3502 2674 3536 suo.

475 3564 573 3614 der
597 3566 836 3615 Severus.

468 3689 470 3692 ,
543 3639 567 3673 ¹²
599 3639 986 3702 Heliogabalum]
1018 3639 1082 3689 In
1107 3638 1420 3689 Caesaribus.

538 3727 563 3753 θ
594 3718 641 3766 Α
665 3734 755 3782 quo
782 3718 900 3781 iste]
933 3717 1104 3769 Aliter
1143 3726 1318 3768 tamen
1355 3719 1540 3768 Victor

478 3807 654 3856 supra.
779 3856 785 3863 x
1180 3850 1181 3853 Ἴ

541 3869 568 3905 ‘¹
598 3870 796 3930 Ingenti
816 3871 1022 3921 militum
1041 3876 1091 3921 et
1109 3876 1302 3921 senatus
1322 3879 1538 3936 expecta·

477 3947 629 4012 tione]
666 3947 936 4008 Lamprid.
981 3951 996 3976 ‘
1022 3948 1224 3997 Nactus
1266 3948 1537 4012 imperium

480 4025 692 4075 Romam
728 4025 936 4074 nuntios
974 4026 1144 4073 misit:
1189 4026 1541 4089 excitatisque

477 4101 715 4155 omnibus
754 4102 1042 4164 ordinibus,
1081 4103 1218 4151 omni
1252 4103 1410 4152 etiam
1449 4117 1541 4165 po·

480 4180 628 4242 pulo,
647 4179 710 4228 ad
737 4193 919 4228 nomen
948 4179 1265 4240 Antoninum
1281 4182 1416 4244 qnod
1441 4194 1541 4229 nou

477 4254 642 4306 solum
666 4254 840 4319 titulo,
860 4255 982 4305 utin
997 4253 1329 4305 Diadumeno
1348 4254 1541 4315 fuerat,

1533 3618 1538 3621 ,
1620 3570 1789 3620 Aliter
1810 3569 1977 3617 nullus
2001 3581 2200 3616 sensus.

1682 3643 1702 3678 f
1730 3641 2033 3705 Marcellum]
2056 3642 2208 3706 Legit
2224 3640 2467 3690 schottus
2483 3639 2561 3688 M.
2575 3639 2675 3689 Aa·

1616 3722 1807 3782 reliam,
1839 3720 2008 3768 forsan
2040 3719 2166 3767 satis
2201 3728 2430 3766 temere:
2463 3729 2584 3763 nam
2608 3728 2675 3764 ex

1620 3798 1791 3846 Dione
1816 3793 2120 3845 Alexander
2142 3792 2432 3841 Mammaeae
2457 3798 2515 3840 et
2533 3790 2675 3839 Varii

1619 3872 1861 3922 Marcelli
1883 3870 2017 3920 filins
2043 3869 2175 3918 fuit:
2214 3881 2373 3933 quare
2391 3867 2675 3916 Marcellus

1620 3949 1724 3999 dici
1750 3949 1940 4013 potuit.
2011 3946 2143 3995 Inde
2165 3946 2241 3994 illi
2270 3959 2382 3993 sors
2404 3945 2455 3992 in
2480 3945 2674 4008 templo

1621 4025 1990 4085 Praenestinae,
2012 4022 2151 4086 apud
2178 4018 2448 4082 Lamprid.
2469 4019 2549 4068 ‘Si
2575 4035 2673 4082 qus

1621 4099 1733 4150 fata
1777 4113 1965 4162 aspera
2007 4111 2233 4160 rumpas,
2269 4096 2349 4144 Tu
2393 4096 2674 4144 Marcellus

1621 4174 1762 4227 eris!
2527 4184 2532 4193 ’

1686 4261 1713 4297 s
1750 4249 2090 4301 consobrinum
2120 4246 2281 4311 suum]
2315 4247 2547 4313 Propter
2574 4262 2678 4301 ma·-
