3023 4942
915 389 1016 436 nn
1063 385 1505 435 cAESAmnus
1555 386 1722 465 cAP.
1771 386 1889 433 ιιι.
1950 412 1959 428 2
2153 418 2158 421 .
2381 365 2513 432 239

305 533 504 620 quasi
535 532 756 597 minus
794 531 1102 608 credens,
1151 531 1597 615 praedicaret,⁸
1641 529 1761 594 vix
1814 527 2171 593 convenire
2225 528 2296 593 in
2337 548 2511 604 eum,

304 638 500 721 cujus
529 635 711 700 vita‘
751 634 1002 698 nullius
1033 635 1219 698 oneri
1249 642 1367 697 aut
1390 631 1820 698 'incommodo
1854 638 2061 695 esset.
2149 629 2213 694 8.
2241 631 2375 695 Sed
2410 650 2508 695 re-

300 750 505 824 pente
540 739 742 802 caesis
775 730 1063 820 primum
1097 736 1284 799 vario
1327 736 1628 799 facinore
1682 732 2126 797 innocentium
2174 734 2511 814 pauciori-

300 842 452 918 bus»,
484 847 806 924 tanquam
834 840 1085 903 belluae
1133 838 1377 902 hausto
1424 838 1742 917 sanguine
1789 836 2129 917 ingenium
2165 836 2509 899 exercuit:

299 944 539 1025 itaque
570 942 898 1024 deinceps
926 941 1274 1005 triennium
1328 945 1769 1009 consumtum,
1814 958 1966 1000 cum
2000 944 2272 1001 senatus
2304 944 2509 1020 atque

299 1044 535 1127 optimi
591 1044 966 1127 cujusque¹³¹
1009 1041 1369 1125 multiplici
1426 1040 1618 1105 clade
1672 1046 1992 1104 terrarum
2050 1040 2237 1104 orbis
2293 1038 2510 1104 foeda-

298 1152 505 1209 retur.
593 1145 656 1209 9.
711 1142 890 1222 Quin
920 1145 1119 1208 etiam
1162 1163 1457 1208 sororum
1503 1150 1739 1226 stupro
1773 1160 1854 1206 ac
1882 1141 2326 1206 matrimoniis
2355 1141 2507 1205 illu-

262 1328 263 1331 *
299 1246 467 1312 dens
497 1247 858 1324 nobilibuS,
902 1247 1196 1310 Deorum
1226 1246 1462 1310 habitu
1504 1244 1887 1323 incedebat,
1939 1263 2095 1308 cum
2138 1241 2387 1309 Jovem
2437 1262 2511 1307 se

299 1350 388 1413 ob
442 1351 815 1427 incestum,¹
863 1369 951 1413 ex
1002 1348 1208 1413 choro
1265 1358 1495 1413 autem
1549 1347 2012 1412 Bacchanaliy
2056 1344 2377 1410 Liberum
2431 1366 2508 1410 se

301 1459 666 1516 assereret.
709 1450 820 1514 10.
852 1449 1098 1533 Neque
1132 1458 1377 1515 secus'
1397 1449 1761 1515 contractis
1785 1448 1870 1512 ad
1890 1468 2088 1513 unum
2111 1447 2508 1531 legionibuS,

1230 1598 1591 1620 OOO‘O‘NO‘OO

300 1694 415 1730 cum
433 1681 662 1731 schotto
677 1680 950 1743 legendum
966 1684 1118 1743 putat
1135 1680 1370 1730 mliorem
1377 1679 1620 1739 famulum
1642 1694 1736 1743 pro
1753 1679 1967 1730 meliores
1974 1679 2201 1739 famulos.
2250 1680 2380 1733 Mox
2396 1681 2412 1708 ‘
2424 1679 2512 1729 Uti

302 1747 418 1796 talia
439 1746 658 1808 ingenia.
725 1746 895 1795 Locus
918 1752 998 1793 est
1021 1753 1297 1809 corruptus
1321 1753 1377 1794 et
1400 1761 1428 1794 a
1454 1748 1609 1795 variis
1637 1745 1777 1795 varie
1804 1753 2054 1795 tentatus.
2110 1747 2223 1810 Ego
2242 1758 2368 1794 vero
2394 1745 2512 1792 nolo

302 1827 363 1860 ea
384 1819 650 1875 repetere,
668 1825 786 1874 quae
809 1826 838 1858 a
864 1809 1230 1874 probabilitate
1252 1819 1371 1859 snut
1391 1813 1686 1860 remotiora.
1709 1810 1835 1874 (vid.
1862 1809 2144 1874 Arntzen.)
2211 1810 2276 1860 Id
2303 1810 2512 1872 quidem

301 1885 378 1924 est
413 1877 771 1937 manifestum,
804 1875 1077 1925 Aurelium
1106 1876 1241 1924 velle
1278 1875 1519 1925 callidam
1562 1876 1809 1938 Caligulae
1847 1877 2224 1925 simulationem
2259 1876 2512 1935 indicare,

301 1956 416 1993 cum
442 1956 550 2005 qua
572 1942 841 2003 imperium
868 1941 1016 1989 initio
1038 1939 1437 1990 administravit.
1502 1941 1773 1990 Grunerus
1796 1942 1954 2003 igitur
1971 1942 2265 2003 suspicatus
2287 1948 2369 1990 est
2390 1941 2514 1989 doc·

302 2016 461 2069 teque
486 2005 748 2069 probavit,
781 2004 857 2054 uti
879 2005 998 2054 talia
1020 2005 1215 2066 ingenia
1235 2020 1425 2056 versare
1455 2005 1536 2070 (b.
1567 2020 1616 2057 e.
1649 2006 1802 2055 aliam
1826 2013 1983 2070 atque
2008 2007 2160 2055 aliam
2187 2006 2248 2053 iis
2283 2007 2511 2069 speciem

298 2069 580 2134 inducere)
612 2072 763 2119 solent
783 2070 934 2118 animi
956 2084 1138 2131 sensus,
1157 2079 1213 2120 et
1237 2071 1513 2134 exposuit:
1550 2071 1802 2133 Caligula,
1832 2080 2015 2120 nactus
2041 2078 2382 2133 potestatem,
2407 2084 2513 2119 non

302 2138 479 2186 statim
521 2151 586 2186 ex
623 2135 778 2185 animi
815 2134 1047 2184 lubidine
1084 2135 1381 2198 imperavit,
1404 2135 1494 2183 sed
1527 2144 1586 2186 ut
1621 2137 1747 2185 talia
1769 2137 1977 2198 ingenia
2000 2138 2151 2185 aliam
2176 2144 2333 2199 atque
2357 2135 2510 2184 aliam

301 2205 539 2263 speciem
577 2200 827 2249 inducere
861 2200 1016 2249 animi
1056 2201 1311 2263 sensibus,
1347 2201 1611 2262 simulare,
1642 2208 1697 2250 et
1733 2201 2055 2262 temporibus
2091 2201 2279 2249 callide
2313 2202 2511 2249 servire

300 2267 491 2316 solent.
560 2266 612 2313 Is
656 2271 910 2326 provocat
947 2264 1013 2314 de
1045 2265 1291 2314 simulata
1328 2266 1581 2329 Caligulae
1619 2266 1983 2329 popularitate,
2011 2281 2115 2328 qua
2137 2266 2287 2314 initio
2308 2265 2511 2328 imperii

300 2332 476 2381 omnia
509 2330 698 2393 egerit,
719 2329 783 2378 ad
810 2330 954 2379 Suet.
981 2328 1150 2392 Calig.
1176 2345 1223 2378 c.
1247 2335 1326 2378 15.
1353 2345 1432 2394 sq.
1498 2329 1720 2380 Acutior
1755 2338 1924 2380 tamen
1959 2338 2041 2379 est
2078 2330 2273 2378 Klotzii
2308 2332 2514 2392 conjec-

300 2405 438 2458 tura,
464 2395 622 2444 docte
645 2395 900 2443 illustrata
925 2394 977 2443 in
999 2393 1227 2443 Miscell.
1249 2394 1432 2444 Critic.
1456 2409 1576 2456 pag.
1596 2399 1678 2446 3⁷.
1712 2396 1788 2445 uti
1821 2395 1939 2445 talia
1969 2395 2162 2456 ingenia
2191 2409 2325 2443 veros
2358 2394 2439 2470 (b.
2463 2408 2513 2442 e.

298 2461 556 2525 integros,
584 2475 761 2523 puros,
783 2475 883 2509 nou
907 2457 1216 2524 simulatos‚)
1236 2462 1385 2509 solent
1410 2460 1594 2509 animos
1614 2460 1810 2511 mentiri
1845 2460 1921 2524 (b.
1949 2475 1995 2510 e.
2029 2457 2329 2523 simulare):
2367 2474 2512 2523 isque

299 2527 687 2590 interpretatur
722 2526 920 2574 locum:
959 2524 1386 2588 quemadmodum
1421 2526 1653 2574 homines
1688 2525 1941 2589 ejusmodi
1974 2526 2200 2589 speeiem
2241 2526 2336 2573 viri
2370 2525 2510 2582 boni,

297 2591 519 2656 integri.
539 2599 595 2641 et
627 2590 742 2653 puri
764 2606 875 2654 pras
899 2604 954 2637 se
978 2590 1116 2639 ferre
1144 2592 1333 2652 solent,
1360 2590 1435 2640 ita
1467 2592 1623 2639 etiam
1655 2591 1891 2654 Caligula
1920 2591 2149 2653 egregie.
2215 2590 2367 2639 Hanc
2390 2605 2512 2639 con-

293 2657 564 2718 jecturam
604 2655 828 2718 praefero
861 2656 1007 2704 alteri
1032 2655 1285 2718 ejusdem,
1318 2656 1392 2704 uti
1413 2656 1533 2704 talia
1565 2656 1758 2718 ingenia
1778 2662 1986 2705 veterum
2005 2657 2157 2705 solent
2179 2656 2361 2703 animos
2382 2670 2510 2704 men·

302 2722 403 2770 tiri.
473 2721 721 2784 Ejusdem
747 2719 952 2783 quidem
979 2735 1179 2776 sensus,
1201 2723 1291 2770 sed
1313 2735 1343 2767 a
1368 2721 1637 2769 literarum
1663 2721 1904 2770 ductibus
1928 2721 2093 2769 minus
2116 2718 2365 2769 aberrans
2388 2734 2515 2769 con·

292 2786 505 2848 jectura
528 2786 652 2835 mihi
675 2787 818 2835 venit
842 2786 891 2834 in
915 2793 1165 2847 mentem,
1199 2785 1274 2833 uti
1295 2785 1414 2833 talia
1436 2784 1632 2845 ingenia
1651 2801 1788 2835 veros
1810 2785 1927 2849 (aut
1950 2785 2147 2848 veteris)
2179 2785 2328 2835 solent
2362 2785 2513 2835 animi

300 2851 497 2899 mentiri
532 2865 711 2899 sensus.
778 2850 904 2899 Mox
943 2850 1169 2912 egregie.
1190 2884 1204 2897 .
1224 2850 1485 2899 ‚militibus
1516 2865 1567 2898 se
1594 2851 1748 2912 gessit
1784 2859 1910 2914 apta
1944 2850 2154 2915 quidem
2178 2850 2510 2899 est'Gruneri

302 2915 547 2978 suspicio,
582 2918 673 2965 sed
710 2917 878 2964 miuus
912 2916 1238 2965 necessaria:
1274 2917 1404 2964 bene
1443 2924 1619 2963 tamen
1655 2917 1698 2964 is
1734 2918 1938 2981 recepit
1966 2915 2161 2966 Pithoei
2197 2915 2514 2964 emendatio-

302 2994 419 3030 nem
445 2982 579 3029 inter
604 2986 800 3043 patre&
832 2995 984 3045 quam
1022 2982 1279 3029 immerito
1317 2979 1502 3042 rejecit
1537 2980 1872 3037 Armzenius,
1904 2989 1956 3030 et
1998 2981 2261 3043 vulgatum
2296 2980 2512 3029 retinuit

302 3045 430 3095 inter
451 3048 646 3108 partes:
667 3045 817 3094 Harl.
884 3049 899 3072 ⁴
918 3046 1237 3095 Proedicaret.
1292 3045 1497 3094 Sebotti
1522 3047 1820 3107 conjectura
1844 3048 2036 3110 placet,
2059 3045 2369 3108 proedicavit:
2392 3060 2513 3093 mox

301 3111 546 3172 Sylburg.
570 3110 716 3158 malit
737 3110 858 3158 nulli
879 3112 959 3158 vel
981 3111 1104 3159 nulli
1123 3124 1318 3173 usquam
1341 3124 1436 3174 pro
1458 3110 1668 3159 nullius)
1700 3110 1852 3160 Harl.
1918 3115 1933 3140 ‘
1953 3111 2220 3160 Grunerus
2245 3109 2510 3171 vulgatum

302 3181 494 3237 repente
509 3207 523 3221 .
542 3208 553 3220 .
572 3208 587 3221 .
602 3173 849 3233 ingenium
866 3175 1082 3224 exercuit
1104 3175 1319 3237 exponit
1343 3176 1358 3201 ⁴
1378 3188 1626 3224 exercere
1648 3176 1847 3239 coepit.'
1909 3174 2176 3225 Arntzenii
2195 3174 2513 3237 conjectura,

305 3253 335 3284 a
357 3240 573 3289 Klotzio
598 3241 631 3285 l.
651 3253 720 3289 m.
742 3253 794 3302 p.
815 3242 897 3287 37.
920 3255 994 3304 sq.
1018 3240 1241 3301 probata
1263 3249 1573 3303 ornataque,
1593 3254 1726 3302 rep„-
1744 3275 1758 3291 .
1774 3242 1907 3303 .ing·.
1929 3240 2131 3297 exeruit,
2152 3241 2202 3287 h.
2224 3252 2271 3288 e.
2295 3247 2510 3300 repente

300 3301 462 3354 factis
488 3303 737 3366 ostendit,
757 3307 968 3365 aperuit
1003 3318 1104 3368 quo
1140 3311 1280 3353 esset
1316 3306 1541 3368 ingenio,
1564 3305 1805 3369 majorem
1827 3306 1986 3354 habet
2010 3303 2428 3367 probabilitatem
2456 3313 2512 3353 et

234 3371 241 3379 '
306 3371 558 3430 gratiam3
588 3370 854 3432 praecipue
889 3382 1005 3417 cum
1029 3370 1134 3417 duo
1156 3370 1244 3418 illa
1266 3370 1428 3419 verba
1453 3370 1645 3432 saepius
1668 3369 1917 3419 confundi
1953 3370 2121 3419 solent
2151 3370 2203 3417 in
2226 3369 2355 3418 Mss.
2382 3369 2512 3426 Klo-

306 3434 438 3484 tzius
463 3447 666 3499 qnoque
688 3433 935 3496 conjecit,
961 3434 1158 3490 extulit,
1181 3434 1233 3484 b.
1256 3448 1305 3484 e.
1333 3436 1576 3499 protulit,
1606 3437 1853 3492 ostendit,
1878 3442 1985 3484 tum
2008 3434 2172 3484 videri
2197 3441 2406 3498 poterat
2422 3435 2509 3498 qui

1298 3555 1348 3605 N
1357 3556 1519 3606 01¹AE

368 3658 386 3683 ⁸
406 3649 730 3713 Praedicaret]
753 3651 855 3700 Vel
875 3651 1370 3715 subintelligendum
1451 3661 1559 3704 ton.
1582 3657 1699 3719 ca'p.
1715 3660 1797 3705 26.
2141 3709 2144 3716 ¹

302 3724 412 3775 ‘ita
434 3724 545 3785 ut3’
577 3727 660 3774 vel
681 3726 956 3789 legendum
987 3727 1288 3789 predicavit.
1516 3737 1542 3762 ¹
1579 3730 1652 3778 Ob
1674 3730 1926 3793 incestum]
1955 3729 2199 3779 Sororum
2226 3730 2446 3780 scilicet.

370 3804 386 3834 ⁸
422 3801 571 3862 (λύω
591 3801 719 3864 vitu]
752 3804 972 3853 Sueton.
995 3818 1115 3868 cap.
1133 3809 1215 3853 15.
1248 3806 1263 3834 ‘
1283 3806 1368 3854 Li·
1515 3813 1539 3848 5
1556 3807 1641 3855 Ea·
1660 3808 1798 3855 choro
1819 3805 2001 3868 [thoro]
2023 3810 2182 3855 autem
2195 3804 2513 3868 Bacchanali]

306 3876 496 3926 bellum
542 3878 607 3926 de
651 3879 823 3928 salute
864 3895 961 3929 sua
995 3880 1229 3930 oblatum
1265 3896 1368 3940 non
1452 3877 1635 3931 Malim
1655 3896 1718 3931 ex
1738 3882 1909 3939 σΙιονος
1943 3889 2002 3931 ut
2033 3880 2172 3931 infra
2200 3883 2252 3931 in
2286 3884 2511 3944 Epitom.

307 3952 527 4016 recepit,
547 3953 866 4005 contendens
889 3955 1015 4005 nibil
1051 3956 1148 4005 sibi
1182 3957 1368 4006 admis·
1447 3957 1465 3986 ⁴
1490 3959 1561 4007 Et
1585 3957 1797 4007 choros’
1839 3965 1993 4007 vocat
2030 3958 2248 4008 Sueton.
2288 3972 2407 4020 cap.
2431 3960 2510 4004 37.

307 4041 413 4076 sum
447 4043 544 4076 cur
576 4028 815 4093 cuiquam
856 4032 1052 4080 invisus
1086 4040 1242 4095 esset,
1277 4031 1366 4080 ue·
1452 4034 1827 4083 Bacchantinm
1851 4035 2009 4083 choro
2043 4047 2157 4082 sese
2193 4033 2389 4082 Bacchi
2425 4032 2511 4081 ba-

309 4104 552 4167 gavitque
597 4117 655 4152 se
709 4104 1031 4155 delatoribus
1081 4121 1234 4157 aures
1279 4109 1364 4156 ha·
1449 4108 1566 4158 bitu
1589 4108 1867 4158 inserebat.
2045 4108 2052 4117 '

308 4178 465 4229 bere.'
1033 4199 1037 4204 ·
1514 4192 1536 4215 ²
1567 4185 1736 4248 Neque
1773 4186 1930 4250 secus]
1978 4184 2099 4233 Hoc
2140 4193 2240 4248 est,
2281 4184 2513 4247 quamvis

374 4264 395 4289 ⁸
412 4258 618 4307 Senatus
637 4262 779 4320 atque
791 4258 960 4323 optimi
979 4257 1224 4323 caiusque]
1238 4260 1366 4310 Sue·
1448 4259 1589 4310 inter
1618 4261 1798 4311 choros
1833 4274 1894 4310 ac
1923 4260 2253 4323 symphonias
2288 4258 2512 4310 discum·
