3023 4942
478 353 568 419 80
643 396 654 411 .
1081 369 1312 420 sssx'ri
1362 369 1692 419 Annum!
1744 370 2099 421 vm‘roms

479 522 624 580 tate
644 519 972 600 perpetua
994 520 1353 580 teneretur:
1399 534 1553 599 quae
1580 536 1623 580 a
1640 514 1865 580 Marte
1887 533 2298 600 compressa,
2322 513 2692 582 Romulum

481 625 547 682 et
578 617 868 682 Remum
899 617 1132 682 edidit.
1219 617 1285 681 2.
1329 618 1648 683 Amulius
1673 617 1891 701 ipsam
1910 619 1980 682 in
2003 619 2278 683 vincula
2308 619 2691 702 compegit3

479 720 796 803 parvulos
842 722 911 783 in
956 719 1251 782 Tiberim
1296 720 1573 803 abjecit,
1623 739 1795 804 quos
1839 739 2014 804 aqua
2055 720 2124 784 in
2168 721 2353 784 sicco
2402 721 2692 802 reliquit.

479 822 545 885 3.
590 822 703 886 Ad
732 823 1027 904 vagitum
1072 821 1241 904 lupa
1288 823 1599 901 accurrit,
1644 842 1895 904 eosque
1944 823 2265 886 uberibus
2313 823 2457 885 suis
2504 823 2695 886 aluit.

481 922 656 988 Mox
686 924 1047 989 Faustulus
1078 931 1314 1005 pastor
1349 925 1672 989 collectos
1720 923 1931 989 Accae
1982 922 2368 988 Larentiaeb
2420 923 2693 1007 conjugi

480 1024 863 1089 educandos
895 1026 1098 1089 dedit.
1182 1026 1248 1088 4.
1297 1023 1438 1104 Qui
1482 1032 1746 1108 postea,
1796 1023 2071 1089 Amulio
2118 1025 2498 1101 interfecte,
2539 1023 2693 1088 Nu-

480 1128 702 1191 mitori
734 1146 866 1191 avo
916 1145 1188 1208 regnum
1231 1127 1691 1191 restituerunt:
1739 1128 1876 1210 ipsi
1905 1128 2295 1210 pastoribus
2327 1126 2644 1192 adunatis
2670 1134 2693 1161 ⁰

480 1229 829 1292 civitatem
889 1224 1375 1304 condiderunt,d
1435 1249 1638 1311 quam
1699 1226 2034 1292 Romulus
2090 1229 2364 1309 augurio
2423 1229 2693 1306 victor,e

481 1331 664 1413 quod
710 1333 861 1413 ipse
906 1345 1051 1392 ΧΠ.
1083 1329 1345 1392 Remus
1378 1347 1478 1394 vl.
1523 1330 1815 1395 vultures
1845 1331 2126 1406 viderat,
2158 1329 2454 1393 Romam
2486 1350 2692 1394 voca·

477 1434 623 1512 vit;
695 1439 781 1510 et,
833 1438 910 1495 ut
960 1452 1113 1496 eam
1165 1433 1352 1514 prius
1397 1433 1665 1515 legibus
1725 1434 2013 1496 muniret
2072 1451 2272 1514 quam
2331 1433 2691 1510 moenibuS,

479 1535 719 1610 edixit,
768 1554 856 1597 ne
909 1535 1062 1617 quis
1109 1534 1357 1597 vallum
1406 1536 1802 1616 transiliret3
1871 1534 2054 1616 quod
2101 1531 2366 1597 Remus
2410 1533 2691 1597 irridens

481 1635 840 1712 transiluit,
870 1642 935 1698 et
964 1655 1006 1699 a
1036 1633 1268 1703 Celere
1299 1635 1681 1699 centurione
1711 1641 1900 1699 rutro
1927 1635 2134 1699 fertur
2165 1635 2458 1714 occisus..
2579 1705 2584 1711 ,

1399 1798 1768 1819 NW‘OOOO

479 1908 644 1944 xmu.
659 1901 710 1946 2.
733 1898 761 1960 ς
785 1901 835 1945 2.
860 1896 877 1923 ‘
894 1897 1080 1945 Filiam
1103 1897 1217 1960 ejus
1240 1898 1431 1947 Rheam
1456 1897 1506 1946 in
1534 1887 1841 1959 uerpetuam
1867 1896 2219 1960 virginitatem
2242 1895 2531 1946 demersit!
2600 1896 2688 1946 Fi-

475 1962 592 2009 liam
633 1962 766 2010 illias
802 1962 869 2010 R.
908 1960 961 2011 S.
995 1962 1283 2026 praeferun‘t
1310 1963 1382 2011 H.
1403 1968 1457 2011 et
1491 1962 1591 2011 Ed.
1628 1962 1806 2010 Μαι-ὴ.
1874 1963 2117 2011 Ceterum
2159 1963 2309 2012 Ream
2342 1963 2456 2010 sine
2492 1961 2687 2024 aspira-

479 2027 622 2074 tione
654 2041 830 2074 veram
863 2026 1174 2090 scripturam
1197 2041 1314 2077 esse
1348 2027 1614 2075 existimat
1644 2026 1800 2088 Pigh.
1822 2027 1886 2075 ad
1918 2028 2036 2076 Val.
2066 2027 2207 2076 Max.
2231 2025 2418 2090 fragm.
2440 2024 2507 2074 de
2534 2026 2691 2077 Nom.

479 2090 603 2140 Rat.
641 2091 766 2140 Init.
833 2092 905 2140 Et
927 2093 1002 2140 sic
1026 2092 1196 2155 reperi
1221 2092 1272 2140 iu
1297 2092 1413 2140 cod.
1438 2092 1636 2151 scripto
1660 2091 1834 2140 Orosii
1861 2105 1937 2141 vt.
1975 2096 2022 2142 1.
2046 2107 2161 2140 cum
2194 2102 2367 2140 tamen
2392 2091 2546 2140 aliter
2567 2092 2688 2141 eda·

479 2154 601 2204 tur.'
623 2156 801 2204 Arata.
868 2161 884 2185 ‘
912 2156 1070 2206 Vestoe
1090 2157 1243 2205 abest
1276 2156 1392 2205 cod.
1417 2163 1472 2206 et
1492 2156 1528 2207 J
1534 2159 1731 2204 ustinus
1765 2169 1929 2204 xmu.
1951 2159 2001 2206 2.
2025 2155 2139 2220 (ubi
2164 2157 2309 2220 origo
2334 2157 2509 2205 Romae
2537 2170 2688 2205 enar-

479 2221 654 2283 ratur)
677 2222 730 2270 in
751 2221 944 2270 Martis
970 2222 1086 2271 luco
1110 2222 1432 2270 sacerdotem
1457 2219 1620 2270 fuisse
1648 2219 1756 2268 ait.'
1779 2220 1927 2269 Harl.
1961 2223 1976 2249 ‘
1997 2221 2249 2283 Romulum
2269 2227 2316 2270 et
2342 2221 2563 2269 Remum.
2599 2219 2689 2269 In·

482 2300 632 2334 verso
668 2284 851 2335 ordine
889 2293 994 2335 tres
1029 2288 1235 2350 scripti,
1273 2286 1475 2334 Retnum
1504 2291 1553 2334 et
1582 2286 1863 2334 Romulum.-
1898 2298 2000 2349 qno
2034 2286 2189 2333 modo
2225 2293 2280 2334 et
2319 2285 2405 2334 alii
2452 2286 2687 2334 ordinem

476 2349 862 2413 neglexerunt!
894 2350 1169 2400 Arntz.--2
1193 2353 1208 2379 ‘
1226 2351 1335 2399 Pro
1356 2353 1609 2412 compegit,
1634 2349 1751 2397 cod.
1778 2351 1982 2412 quidam
2005 2350 2234 2410 conjecit.-
2285 2357 2503 2412 utraque
2526 2349 2691 2398 forma

479 2425 790 2477 usurpatur:
827 2416 917 2464 sed
941 2417 1083 2479 prior
1105 2423 1188 2465 est
1213 2416 1407 2465 rarior:
1442 2415 1563 2464 hinc
1584 2415 1753 2463 altera
1786 2424 1864 2463 est
1889 2416 2059 2477 glossa
2081 2418 2129 2464 b.
2158 2419 2190 2464 Ι.
2214 2414 2466 2464 habenda.
2535 2416 2686 2476 Mox,

480 2480 796 2531 Arutzenius
819 2482 1006 2530 nubem
1033 2484 1383 2542 exemplorum
1407 2481 1803 2543 excitat‚(quod
1823 2482 1873 2529 in
1891 2482 2019 2529 libro
2037 2482 2257 2545 quodam
2282 2490 2428 2530 extat
2448 2480 2690 2545 projecta)

478 2546 820 2607 probaturus,
845 2554 1051 2595 veteres
1077 2547 1268 2594 dixisse
1293 2547 1308 2573 ‘
1326 2547 1376 2593 in
1400 2560 1542 2593 mare
1577 2546 1812 2608 abjicere
1833 2545 1865 2593 ε’
1898 2546 2034 2609 quod
2062 2555 2209 2594 nemo
2234 2554 2389 2607 negat
2411 2562 2425 2605 3
2461 2548 2550 2593 sed
2577 2544 2692 2592 nul-

477 2612 585 2659 lum
621 2609 774 2659 affert
795 2612 1110 2675 exemplum,
1129 2612 1354 2674 parvulos
1381 2611 1583 2669 abjicere
1607 2624 1702 2671 pro
1733 2621 1982 2659 consueta
2012 2608 2252 2669 formula,
2284 2625 2518 2672 exponere
2535 2607 2692 2671 parv!

477 2676 728 2725 Ham-3
752 2678 854 2723 Pro
887 2676 1095 2724 accurrit
1132 2675 1303 2738 Lugd.
1342 2679 1390 2723 1.
1425 2673 1646 2737 praefert
1684 2678 1914 2724 decurrit.
1980 2675 2091 2724 ‘Ex
2120 2676 2307 2723 Aldina
2332 2676 2415 2723 ed.
2440 2677 2573 2723 bene
2606 2689 2688 2722 re-

479 2739 630 2787 duxit
653 2739 829 2789 Arntz.
863 2740 1127 2801 Larentioe,
1143 2746 1198 2789 et
1217 2741 1424 2802 probat,
1447 2755 1543 2802 pro
1561 2742 1767 2801 vulgato
1791 2740 2059 2788 Laurentiae
2082 2740 2243 2803 [quod
2265 2741 2465 2789 Schott.
2487 2739 2687 2788 Gaesb.

481 2805 673 2866 Delph.
694 2803 936 2866 Pitisc.].’
960 2804 1107 2853 Harl.
1156 2806 1328 2853 Tradit
1355 2820 1446 2865 pro
1463 2806 1598 2853 dedit
1622 2806 1893 2855 Parisinus
1917 2806 2102 2853 cod.et
2120 2805 2295 2854 Havn.
2319 2805 2436 2853 cod.
2464 2806 2689 2854 testibus

480 2871 678 2918 Schott.
712 2879 768 2917 et
791 2869 1073 2917 Arntz.—4
1094 2874 1108 2897 ‘
1128 2871 1319 2919 Melius
1342 2870 1611 2918 Parisinus
1635 2870 1705 2919 ibi
1739 2884 1842 2917 non
1879 2870 1971 2930 ipsi
1997 2868 2245 2930 praefert!
2270 2869 2455 2919 Schott.
2520 2869 2537 2896 ‘
2552 2868 2691 2917 Ada-

475 2936 606 2983 natis
622 2948 715 2996 pro
740 2941 754 2964 ‘
771 2933 1132 2996 congregatis‚'
1149 2935 1362 2983 verbum
1383 2944 1463 2983 est
1480 2934 1687 2983 serioris
1712 2935 1883 2983 aetatis
1906 2942 1960 2981 et
1977 2936 2303 2982 auctoritatis
2326 2935 2525 2990 mediae,
2549 2931 2689 2997 qnod

479 3006 795 3057 aurea‚aetas
828 2999 1107 3061 ignoravit.
1176 3000 1334 3063 Pejus
1357 3006 1438 3048 est
1460 3000 1739 3048 coadunatis
1760 3002 1812 3048 in
1837 2999 2137 3062 quibusdam
2164 3000 2300 3048 edd.’
2337 2999 2483 3047 Harl.
2548 3001 2564 3025 ‘
2583 3000 2687 3047 Pro

478 3064 679 3126 legibus,
703 3078 844 3127 qaam
865 3064 1091 3112 moenibas
1125 3066 1331 3113 naunirel
1355 3066 1517 3129 [quod
1556 3064 1607 3112 in
1639 3065 1755 3111 Ald.
1788 3063 1992 3113 Schott.
2028 3064 2224 3115 Gaesb.
2259 3064 2451 3126 Delph.
2481 3062 2691 3126 Pitisc.]

470 3143 732 3180 ‚consensu
770 3131 1138 3192 plerorumque
1177 3129 1330 3178 codd.
1356 3139 1411 3179 et
1434 3128 1557 3178 edd.
1580 3129 1788 3191 reposui
1811 3130 1993 3190 legibus
2026 3131 2251 3187 muniret,
2271 3144 2410 3191 qaam
2437 3128 2685 3176 moenibus.

479 3194 712 3242 Verbum
747 3194 967 3254 scilicet,
990 3194 1125 3256 quod
1149 3202 1356 3257 spectat
1391 3195 1454 3243 ad
1491 3193 1597 3243 duo
1636 3194 1889 3253 membra,
1911 3209 2050 3257 saepe
2085 3194 2149 3242 ad
2189 3194 2408 3256 primum
2448 3193 2690 3241 refertur.

479 3257 588 3307 Pro
612 3273 675 3308 eo
709 3258 847 3322 quod
871 3260 1125 3323 sequitur,
1159 3260 1448 3316 transiliret,
1473 3258 1525 3307 in
1568 3272 1647 3321 pr.
1681 3256 1848 3322 Lugd.
1886 3267 1971 3309 est
2008 3257 2271 3309 transiret.'
2294 3256 2498 3312 Arntz„
2538 3260 2554 3286 ‘
2576 3259 2685 3307 Pro

1471 3389 1691 3439 NOTAE
1721 3439 1722 3442 ,

478 3499 592 3533 mus
613 3499 707 3533 ane
727 3485 930 3542 abbesse,
952 3493 1007 3535 et
1031 3485 1106 3535 sic
1130 3487 1378 3548 virginem
1403 3485 1539 3549 regi·
1624 3483 1737 3534 bro.
1801 3486 1971 3534 Varro
1993 3484 2085 3534 lib.
2110 3499 2166 3533 ν.

478 3577 560 3609 am
601 3561 846 3610 decebat.
915 3562 1017 3611 Sed
1055 3563 1261 3611 notavit
1292 3562 1541 3610 Schottus
1690 3568 1712 3595 e
1741 3562 2026 3611 pastoribus
2068 3560 2319 3623 adunatis]
2381 3560 2443 3610 Id
2490 3568 2590 3625 est,
2635 3560 2688 3609 in

487 3636 646 3686 Vestae
669 3636 853 3686 abesse
885 3638 938 3685 in
969 3639 1073 3687 Ms.
1098 3639 1235 3687 Flor.
1301 3638 1371 3686 Et
1393 3645 1542 3685 certe
1624 3651 1806 3687 unum*
1838 3638 2185 3699 congregatis.
2265 3639 2328 3687 In
2374 3636 2685 3702 quibusdam

477 3712 722 3768 Justiuus
746 3712 836 3761 lib.
857 3727 977 3763 xrv.
1000 3715 1052 3762 in
1087 3713 1277 3762 Martis
1311 3713 1430 3760 luco
1459 3727 1542 3760 sa·
1624 3714 1817 3777 legitur
1837 3714 2131 3763 coadunatis.

477 3790 746 3839 cerdotem
779 3789 938 3839 fuisse
968 3790 1115 3853 dicit,
1140 3797 1197 3838 et
1232 3788 1544 3838 Plutarchus
1687 3788 1711 3824 ¹¹
1740 3791 2002 3839 Civitatem
2037 3789 2374 3854 condiderant]
2410 3790 2529 3838 Hoc
2562 3792 2689 3843 mihi

477 3865 720 3929 Juuonis,
748 3866 945 3917 diserte
968 3881 1036 3915 ex
1058 3865 1293 3916 Aristide
1316 3866 1544 3915 Milesio.
1622 3874 1940 3928 suspectum,
1958 3881 2071 3913 nam
2090 3865 2275 3915 falsum
2297 3875 2377 3914 est
2394 3868 2688 3932 Romulum,

480 3943 551 3992 Et
587 3942 722 3992 infra
759 3943 957 3994 Noster
995 3943 1058 3993 ad
1095 3943 1321 3993 Numam
1347 3941 1544 3991 referre
1624 3951 1901 4006 autequam
1933 3941 1999 3990 de
2036 3943 2167 3990 coelo
2202 3950 2475 3997 servasset,
2507 3944 2689 3991 civita-

479 4018 702 4068 videtur.
1297 4051 1301 4058 -
1624 4028 1730 4067 tem
1754 4018 2046 4067 condidisse
2074 4033 2225 4081 quam
2250 4024 2433 4081 postea
2467 4018 2686 4068 Romam

544 4098 570 4133 ὓ
602 4099 848 4149 Larentiae
874 4098 1200 4162 [Laurentia]
1226 4097 1418 4147 Melius
1442 4098 1542 4147 La·
1622 4097 1907 4144 vocaverit.

477 4178 666 4234 rentioe,
712 4182 771 4224 ut
812 4190 972 4238 supra
1020 4174 1215 4225 dictum
1259 4181 1360 4224 est.
1429 4174 1543 4223 Hu-
1687 4181 1710 4207 θ
1742 4174 1962 4234 Auguria
1993 4174 2170 4237 victor]
2206 4174 2349 4223 Nota
2369 4174 2571 4235 augurio
2593 4186 2687 4237 pro

468 4252 558 4313 jus
581 4251 874 4315 sepulcrum
900 4250 999 4303 fuit
1024 4251 1110 4303 via
1143 4266 1280 4304 nova
1312 4253 1365 4303 in
1391 4252 1544 4304 Vela·
1625 4251 1927 4317 ‘auspicio.'
1992 4251 2139 4301 Idem
2173 4252 2384 4301 Florus:
2421 4250 2438 4277 ‘
2456 4251 2543 4301 Sic
2565 4250 2689 4310 Vic-
