3023 4942
2336 379 2492 454 337-

269 540 595 607 Carausio
640 541 1045 611 remissum¹¹
1089 540 1383 603 insulae*
1425 539 1806 622 imperium,
1848 547 2212 623 postquam
2249 542 2466 625 jussis

272 664 354 708 ac
383 643 790 706 munimento
820 643 1192 707 incolarum
1225 647 1458 722 contra
1487 650 1721 724 gentes
1752 643 2118 707 bellicosas
2149 652 2473 727 opportu-

270 750 413 835 nior
470 745 766 809 habitus·
874 748 984 809 40.
1030 745 1250 825 Quem
1294 764 1460 809 sane
1510 747 1835 810 sexennio
1893 753 2050 828 post
2069 754 2099 791 Υ
2155 745 2470 812 Allectus

270 849 532 912 nomine
564 847 721 911 dolo
755 848 1205 912 circumvenit.
1251 847 1360 911 41.
1397 845 1541 924 Qui
1571 866 1719 910 cum
1750 847 1900 930 ejus
1933 849 2258 931 permissu
2291 869 2474 914 sum-

269 970 398 1015 mae
430 950 528 1015 rei
559 956 896 1034 praeesset,
924 951 1328 1033 flagitiorum
1355 958 1422 1013 et
1451 951 1541 1014 ob
1573 969 1654 1013 ea
1683 951 1911 1014 mortis
1938 950 2318 1029 formidine,
2351 970 2473 1034 per

272 1055 492 1118 scelus
537 1053 894 1135 imperium
936 1058 1330 1119 extorserat.
1421 1055 1533 1133 42.
1577 1052 1736 1131 Quo
1780 1073 1979 1117 usum
2023 1055 2262 1131 brevi,²⁵
2290 1053 2470 1119 Gon-

272 1157 580 1234 stantiuS,
607 1137 1130 1239 AsclepiodotO,
1159 1155 1278 1238 qui
1309 1155 1735 1237 praetorianis
1782 1155 2136 1239 praefectus
2166 1166 2466 1245 praeerat,

270 1278 420 1323 cum
451 1267 641 1344 parte
670 1258 908 1323 classis
955 1278 1034 1323 ac
1076 1258 1418 1340 legionum
1465 1249 1841 1340 praemisso,
1875 1256 2141 1321 delevit.
2231 1258 2339 1322 43.
2384 1258 2471 1323 Et

270 1361 522 1427 interea
563 1362 725 1428 caesi
772 1361 1266 1440 Marcomanni,
1308 1360 1809 1445 Carporumque
1853 1351 2036 1426 natio
2093 1361 2421 1426 translata
2442 1370 2469 1396 ²

273 1466 486 1528 omnis
516 1464 586 1528 in
616 1472 923 1530 nostrum
951 1465 1164 1529 solum
1190 1485 1210 1543 3
1255 1464 1450 1547 cujus
1479 1465 1614 1528 sere
1640 1483 1798 1548 pars
1818 1463 1962 1546 jam
1992 1468 2128 1543 tuum
2147 1461 2173 1500 '²
2203 1465 2291 1528 ab
2318 1464 2462 1529 Au-

270 1566 523 1632 reliano
557 1574 724 1632 erat.
811 1568 919 1633 44.
964 1566 1206 1651 Neque
1236 1568 1489 1630 minore
1521 1566 1756 1630 studio
1774 1567 1966 1648 pacis
1993 1564 2212 1630 officia
2239 1566 2465 1632 vincta

268 1669 531 1752 legibus
583 1670 1009 1756 aequissimis,
1070 1690 1151 1734 ac
1196 1677 1448 1734 remoto
1496 1670 1830 1753 pestilenti
1887 1668 2464 1739 frumentariorum

273 1782 567 1852 genere,c
598 1791 884 1855 quorum
914 1792 1086 1838 nuuc
1117 1782 1393 1854 agentes
1424 1792 1641 1838 rerum
1664 1769 1694 1809 ‘¹
1739 1772 2053 1836 simillimi
2090 1778 2266 1837 sunt.
2351 1775 2460 1849 45.

789 397 888 445 DE
937 393 1403 453 GAESARIBth
1426 395 1590 446 cAP.
1639 394 1938 445 XXXIX.

1186 1929 1548 1949 ‘OOOONWO

268 2031 517 2088 postquam
528 2025 683 2086 jussis
703 2028 845 2076 malit
865 2028 1197 2080 δώσω-43
1232 2030 1249 2058 ‘
1270 2028 1421 2090 Cujus
1442 2029 1555 2089 sere
1575 2044 1708 2091 pars,
1730 2032 1813 2092 &c-
1847 2030 2002 2078 Latet
2027 2028 2152 2093 quid
2178 2029 2345 2078 mendi
2366 2029 2463 2078 sub

274 2090 361 2138 illo
379 2094 510 2149 sere,
534 2103 624 2140 aut
649 2095 1035 2144 rescribendum
1056 2096 1309 2155 massere
1326 2110 1440 2157 pars
1467 2095 1623 2143 media
1639 2096 1747 2157 jam
1769 2099 1902 2150 tum
1937 2099 2025 2142 aut
2043 2109 2156 2157 pars
2171 2097 2331 2144 ouem
2354 2094 2463 2155 jam

241 2170 247 2183 ·
270 2160 389 2210 tum.
430 2158 506 2206 uti
535 2158 778 2219 placebat
803 2159 1142 2208 Casaubouo.’
1183 2163 1384 2210 Gruter.
1447 2161 1462 2187 ‘
1485 2160 1770 2208 Casaubon.
1806 2157 1923 2206 vide
1959 2159 2022 2207 ad
2063 2161 2277 2221 Vopisci
2310 2174 2356 2208 c.
2377 2163 2459 2207 30.

274 2219 619 2284 conjeceram
643 2223 907 2284 cnjususa
926 2224 1036 2288 (vel
1061 2225 1209 2288 caesa)
1233 2240 1365 2287 pars.
1414 2223 1520 2273 Sed
1546 2224 1716 2272 malim
1730 2226 1838 2288 jam
1868 2225 2083 2272 credere
2108 2231 2225 2285 post
2242 2229 2347 2272 erat
2368 2224 2463 2272 ali·

277 2287 400 2348 quid
424 2288 744 2363 desiderari:
767 2290 931 2353 ipsam
957 2304 1136 2340 vocem
1158 2290 1398 2354 supplere
1420 2287 1630 2339 difficile
1644 2300 1756 2351 est;
1779 2289 1900 2354 quid
1921 2291 2145 2339 voluerit
2167 2298 2342 2339 tamen
2361 2303 2467 2338 uon

1269 2433 1484 2485 NOTAE

274 2542 373 2591 que
391 2528 664 2592 Augustus
682 2531 875 2582 bellum
894 2533 944 2581 in
962 2530 1141 2582 Africa
1159 2528 1335 2596 profli·
1417 2536 1519 2580 tum
1533 2547 1551 2581 .-
1590 2531 1671 2580 vel
1701 2545 1819 2580 cum
1859 2531 2184 2592 Casaubono,
2214 2530 2348 2592 cidus
2367 2532 2479 2591 sere

278 2605 457 2665 gavit.’
497 2608 718 2671 Eutrop.
1410 2622 1529 2671 pars
1548 2607 1817 2667 alterajam
1841 2615 1957 2656 tum.
1997 2609 2281 2669 Carporum
2307 2615 2482 2656 autem

341 2687 364 2712 ⁸
396 2683 592 2747 Solique
618 2685 846 2733 Carnunto
869 2686 1151 2749 [Cornucio]
1173 2685 1338 2733 remis-
1416 2684 1597 2745 copias
1631 2684 1697 2733 ab
1729 2683 2011 2733 Aureliano
2045 2683 2263 2733 afflictas
2300 2684 2484 2733 scribit

275 2757 399 2819 sum]
432 2761 655 2822 Eutrop.
682 2768 698 2789 ‘
720 2763 845 2811 Cum
865 2762 1112 2811 Cornucio
1148 2769 1338 2818 tamen,
1419 2761 1718 2823 Vopiscus;
1750 2761 1840 2808 sed
1866 2774 2043 2808 eorum
2082 2767 2284 2822 partem
2309 2760 2375 2808 ab
2399 2774 2485 2808 eo·

277 2845 393 2882 cum
420 2836 555 2886 bella
579 2835 775 2902 frustra
795 2845 998 2887 tentata
1017 2845 1193 2887 essent
1217 2852 1338 2887 cou-

280 2915 362 2956 tra
385 2913 550 2962 virum
575 2914 651 2962 rei
682 2914 914 2963 militaris
951 2914 1339 2978 peritissimum,

279 2984 342 3032 ad
366 2999 682 3049 postremum
709 3006 812 3054 pax
835 2990 1114 3042 convenit-⁹

341 3070 366 3096 ¹
399 3066 606 3129 Insuloe]
640 3068 948 3118 Britanniae.

339 3147 363 3181 5
396 3142 635 3191 Saeunio
669 3143 800 3206 post]
846 3150 860 3171 ‘
886 3145 1203 3208 Septennio’
1235 3147 1338 3194 Eu-

280 3221 416 3279 trop.
453 3219 472 3247 ‘
500 3218 628 3268 Cum
657 3227 777 3282 post
813 3222 1141 3282 septennium
1165 3220 1340 3272 Allec-

284 3294 365 3333 tus
390 3292 557 3341 socius
581 3295 695 3356 ejus
718 3294 946 3345 oceidit!

349 3370 369 3393 ²
387 3365 495 3421 Quo
509 3382 646 3417 usum
660 3370 811 3435 brevi]
843 3373 1108 3422 Triennio.
1123 3375 1343 3440 Eutrop-

283 3433 299 3459 ‘
324 3436 494 3504 Atque
530 3443 674 3505 ipse'
705 3446 997 3511 (Allectus)
1030 3451 1047 3476 ⁴
1072 3458 1193 3513 post
1222 3465 1342 3500 eum

286 3510 582 3566 Britannias
606 3521 830 3569 triennio
854 3526 1045 3584 tenuit,
1066 3527 1152 3588 qui
1179 3526 1339 3575 ductu

284 3586 639 3655 Asclepiodoti
686 3597 922 3660 praefecti
967 3604 1215 3664 praetorio
1259 3611 1342 3653 est

284 3669 594 3728 oppressus-³

346 3750 369 3775 ⁸
405 3746 752 3811 ‹torpor-amque
772 3750 904 3798 natio
925 3752 1183 3816 translatu]
1231 3752 1342 3803 Ali·

285 3820 365 3864 ter
386 3825 538 3881 paulo
562 3825 783 3888 Eutrop.
808 3834 823 3856 ‘
841 3828 1023 3890 Carpis
1045 3837 1103 3880 et
1125 3832 1338 3879 Bastar·

283 3891 361 3940 nis
378 3898 623 3956 subactis,
638 3901 887 3952 Sarmatis
909 3904 1090 3956 victis:
1125 3922 1337 3970 quarum

283 3970 540 4049 nationum
579 3985 762 4039 gentes
798 3980 1119 4043 captivorum
1160 3983 1338 4046 copias

287 4052 337 4087 1¹1
366 4046 609 4100 Romanis
633 4051 820 4105 finibus
842 4056 1180 4107 locaverunt?
1212 4059 1338 4108 Car·

288 4118 342 4177 Pi
367 4127 538 4185 populi
561 4128 700 4179 circa
724 4130 1045 4183 Danubium.

352 4194 376 4228 ὓ
410 4201 556 4261 Cuius
584 4205 696 4262 sere
736 4221 851 4276 pars
878 4208 986 4267 jum
1028 4209 1149 4273 tum]
1193 4211 1339 4272 Lege

293 4279 405 4322 cum
428 4277 642 4327 Gruter.
675 4279 926 4339 cujusfere
942 4299 1058 4347 pars
1073 4287 1341 4347 mediujum

415 4358 593 4421 Delph.
616 4364 662 4409 el
687 4360 802 4411 ναν.
828 4363 957 4415 Clas.

1419 2836 1537 2885 dem
1584 2838 1637 2886 in
1685 2836 1945 2885 Romanos
1985 2837 2115 2885 fines
2167 2837 2485 2897 translatam,

1419 2926 1572 2961 nemo
1606 2912 1741 2977 quod
1775 2914 1952 2977 sciam,
1976 2922 2172 2976 praeter
2195 2913 2487 2974 Victorem,

1418 2989 1673 3053 prodidit.

1483 3074 1506 3099 ‘³
1539 3066 1738 3115 Remoto
1779 3066 2028 3129 pestilenti
2056 3065 2487 3125 frumentariorum
2530 3084 2536 3091 ·

1417 3143 1616 3206 genere]
1689 3151 1704 3173 ⁸
1741 3144 2086 3191 Frumentarii
2111 3141 2128 3164 ’
2182 3141 2489 3191 dicebantur

1423 3220 1618 3274 milites
1690 3218 1979 3281 legionibus
2056 3226 2205 3266 certo
2275 3230 2489 3265 numero

1423 3295 1665 3360 ascripti,
1689 3303 1744 3344 et
1761 3295 1827 3343 ab
1848 3294 2261 3358 Imperatoribus
2279 3293 2487 3343 institu-

1425 3372 1482 3433 ti,
1503 3380 1561 3420 ut
1583 3371 1644 3419 iis
1670 3372 1900 3432 minima,
1922 3371 2141 3418 maxima
2160 3381 2274 3432 quai
2295 3370 2346 3417 in
2372 3382 2491 3432 pro·

1424 3448 1606 3497 vinciis
1631 3446 1961 3510 gerebantur,
1985 3447 2253 3495 celerrime
2285 3445 2490 3494 nuntia·

1421 3531 1573 3571 rent:
1624 3522 1780 3570 iidem
1827 3521 2155 3569 vehicularia
2203 3520 2277 3568 rei
2320 3534 2486 3583 praee-

1423 3604 1567 3648 rant:
1605 3596 1921 3647 frumentum
1955 3597 2198 3656 militare,
2222 3597 2304 3645 vel
2328 3612 2485 3646 anno·

1421 3689 1539 3722 nam
1565 3674 1842 3722 militarem
1870 3672 2300 3722 transvehendum
2317 3687 2347 3720 a
2366 3688 2485 3736 pro-

1424 3750 1608 3799 vinciis
1650 3750 1924 3812 curabant,
1972 3749 2110 3798 unde
2160 3748 2487 3798 frumentarii

1424 3828 1613 3877 vocati.
1677 3828 1734 3876 Si
1773 3830 1922 3888 plura
1957 3829 2127 3890 cupis,
2162 3827 2278 3875 vide
2315 3842 2429 3891 quae
2455 3840 2487 3874 a

1422 3903 1723 3953 doctissimo
1738 3904 1986 3953 Salmasio
2001 3904 2138 3969 apud
2156 3905 2485 3968 Spartianum

1420 3982 1475 4031 in
1503 3979 1770 4029 Hadriano
1792 3980 1936 4030 dicta
1958 3989 2094 4031 sunt.

1484 4055 1510 4090 ‘¹
1547 4056 1759 4113 Quorum
1777 4072 1902 4106 stunc
1926 4063 2122 4119 ugentes
2141 4056 2322 4119 rerum]
2358 4055 2485 4104 Hie·

1420 4148 1663 4197 ronymus
1694 4135 1749 4183 in
1780 4133 2002 4183 Abdiam
2027 4148 2074 4183 c.
2099 4138 2146 4183 1.
2178 4136 2194 4163 ‘
2219 4134 2321 4183 Eos
2345 4132 2481 4181 enim

1422 4226 1553 4274 quos
1575 4225 1713 4260 nuuc
1745 4217 1939 4273 agentes
1965 4211 2018 4259 in
2047 4210 2204 4271 rebus,
2235 4209 2318 4257 vel
2352 4222 2487 4278 verie-

1419 4290 1583 4337 darios
1602 4289 1890 4354 appellant,
1914 4295 2116 4338 veteres
2134 4285 2487 4347 frumentarios

1282 4368 1455 4420 Δανα.
1480 4369 1605 4420 Vict-
2306 4367 2354 4415 Y
2375 4413 2380 4418 .
