3023 4942
762 410 991 459 onice
1038 407 1317 457 esuris
1364 407 1728 458 ROMANAE.
1804 407 1966 457 οΑι».
2002 407 2178 456 xxl.
2474 391 2564 457 73
2616 464 2626 479 ,

347 551 414 616 in
442 549 777 628 Tiberim,
808 552 927 635 qui
956 559 1099 615 tum
1127 550 1392 633 magnis
1422 550 1750 615 imbribus
1778 547 2255 634 stagnaverat,lt
2302 550 2563 636 abjece-

351 661 547 717 runt:
597 653 885 737 ejusque
913 655 1198 737 regionis
1228 654 1553 718 subulcus
1580 654 1967 729 FaustuluS,
2016 654 2413 737 speculatus
2443 673 2563 717 ex-

352 762 704 838 ponentes,
745 762 818 819 ut
862 757 1031 821 vidit
1062 757 1403 822 relabente
1448 756 1724 821 flumine
1776 758 2057 832 alveum,
2101 759 2172 822 in
2204 776 2343 841 quo
2372 755 2566 838 pueri

356 864 563 935 erant,
609 858 986 922 obhaesisse
1020 859 1105 923 ad
1142 861 1448 924 arborem
1489 860 1629 937 fici,
1680 878 2176 942 puerorumque
2207 859 2432 940 vagitu
2463 858 2567 921 lu-

352 979 513 1043 pam
546 962 867 1037 excitam,
901 981 1055 1044 quae
1086 970 1357 1045 repente
1384 962 1670 1039 exierat,
1718 962 1931 1044 primo
1982 961 2264 1025 lambitu
2306 979 2424 1024 eos
2457 959 2567 1022 de·

357 1062 665 1137 tersisse,
698 1063 852 1127 dein
890 1063 1333 1128 levandorum
1373 1064 1650 1128 uberum
1682 1063 1904 1144 gratia
1933 1081 2262 1126 mammas
2293 1062 2564 1143 praebu-

356 1162 534 1242 isse;
582 1164 935 1229 descendit
963 1185 1044 1230 ac
1075 1165 1357 1229 sustulit
1384 1165 1909 1248 nutriendosque
1939 1164 2149 1229 Accae
2181 1156 2566 1239 Larentiae,¹

356 1268 559 1330 uxori
584 1287 754 1344 suae,
786 1268 989 1345 dedit,
1012 1274 1087 1332 ut
1115 1268 1419 1332 scribunt
1445 1267 1700 1330 Ennius
1725 1268 1844 1331 lib.
1867 1273 1961 1330 1.¹¹¹
1989 1271 2056 1329 et
2079 1265 2312 1330 Caesar
2337 1264 2456 1327 lib.
2482 1280 2566 1327 11.

356 1368 421 1430 4.
469 1364 760 1432 Addunt
805 1369 1136 1452 quidam,¹²
1182 1368 1510 1433 Faustulo
1568 1369 2010 1451 inspectante,
2043 1368 2265 1457 picum
2297 1385 2567 1448 quoque

356 1469 744 1547 advolasse,
775 1479 847 1535 et
876 1490 991 1536 ore
1022 1472 1220 1555 pleno
1248 1472 1474 1535 cibum
1506 1472 1736 1554 pueris
1757 1469 2153 1552 ingessisse:
2199 1468 2357 1531 inde
2378 1466 2570 1531 vide-

355 1571 524 1636 licet
549 1572 785 1656 lupum
818 1574 1177 1656 picumque
1206 1572 1475 1638 Martiae
1508 1573 1738 1638 tutelae
1767 1592 1944 1636 esse.
2031 1569 2357 1635 Arborem
2389 1589 2563 1651 quo-

359 1692 490 1756 qne
541 1674 720 1738 illam
780 1674 1215 1740 Ruminalem
1270 1675 1522 1740 dictam
1588 1676 1775 1740 circa
1821 1694 2024 1757 quam
2074 1673 2264 1757 pueri
2320 1670 2568 1756 abjecti

358 1781 572 1852 erant,
606 1777 786 1859 quod
812 1778 958 1861 ejus
990 1780 1116 1843 sub
1149 1779 1387 1842 umbra
1415 1797 1629 1861 pecus
1662 1777 2106 1861 acquiescens
2137 1773 2411 1839 meridie
2457 1793 2564 1837 ru-

357 1877 616 1941 minare
650 1879 740 1943 sit
770 1880 1087 1944 solitum.⁰

1279 1978 1460 2000 ‘eom
1462 1977 1643 2002 OOOOO

361 2060 393 2105 8
415 2057 662 2119 ‘Raptum
688 2057 807 2107 ierat
834 2059 914 2107 vel
936 2061 1121 2109 exierat
1145 2062 1292 2110 malit
1314 2063 1490 2126 legere
1516 2062 1765 2112 Aratzen.
1802 2068 1859 2111 et
1887 2058 2133 2122 ‘rapere’
2170 2057 2381 2122 proprie
2409 2058 2568 2106 tribui

358 2121 516 2183 lupis,
541 2123 697 2172 docte
736 2124 948 2187 lateque
987 2127 1250 2175 ostendit.’
1277 2128 1424 2176 Harl.
1489 2126 1667 2176 ‘Accae
1699 2126 1961 2176 Larentia.
2016 2124 2077 2173 In
2102 2126 2233 2174 Mss.
2270 2130 2573 2172 constanter

358 2186 739 2239 accelerante.-
801 2188 1070 2239 emendavi
1117 2191 1261 2240 Accae
1297 2193 1543 2242 Larentioe
1581 2192 1910 2255 transpositis
1946 2190 2129 2249 literis,
2172 2188 2307 2253 quod
2355 2189 2569 2249 propius

360 2251 517 2365 thesi.
552 2268 582 2302 a
609 2253 812 2317 scripta
836 2255 1077 2311 lectione,
1099 2270 1251 2321 quam
1276 2257 1410 2321 quod
1436 2259 1488 2305 in
1515 2258 1738 2320 vulgatis
1760 2255 1869 2304 fere
1890 2255 2034 2304 Accoe
2055 2253 2366 2303 Laurentiae!
2387 2253 2572 2302 Schot-

388 2331 465 2366 ns.

1357 2384 1573 2435 NOTAE

428 2474 454 2509 ¹¹
485 2477 688 2540 Magnis
707 2479 937 2530 imbribus
958 2482 1289 2546 stagnaverat]
1309 2483 1426 2533 Hoc
1503 2488 1793 2547 supersunt.
1858 2481 2076 2530 Periere
2121 2479 2278 2529 etiam
2313 2491 2427 2542 quoe
2472 2476 2573 2526 huc

361 2560 482 2602 est:
517 2564 734 2619 propter
768 2572 977 2622 magnos
1007 2560 1197 2608 imbres
1219 2562 1426 2623 quietus
1508 2559 1863 2623 pertinebant.
1912 2557 1973 2607 In
1994 2556 2126 2605 serie
2153 2564 2324 2605 tamen
2348 2554 2461 2616 ejus
2483 2567 2571 2601 an·

360 2628 536 2679 factus
560 2641 692 2695 erat,
715 2642 769 2683 et
795 2635 1044 2698 placidus,
1067 2645 1127 2685 ut
1151 2637 1300 2687 solet.
1356 2638 1428 2686 Et
1506 2637 1699 2684 nulium
1748 2648 1814 2683 ex
1847 2635 1942 2683 boc
1979 2633 2094 2682 loco
2131 2631 2328 2680 Paulus
2364 2630 2574 2678 Merula

362 2706 465 2756 boc
487 2709 719 2771 explicat
754 2710 867 2760 Liv.
899 2711 986 2760 lib.
1011 2725 1050 2759 1.
1090 2714 1105 2740 ‘
1125 2713 1279 2761 Forte
1301 2727 1427 2777 qna·
1507 2711 1607 2761 hoc
1648 2712 1792 2774 qussi
1825 2710 2101 2773 genuinum
2127 2707 2276 2757 Ennii
2309 2706 2573 2770 fragmen·

365 2780 485 2829 dam
512 2783 760 2856 diuinitus
782 2801 939 2847 super
962 2785 1100 2850 ripas
1127 2788 1327 2837 Tiberis
1349 2787 1426 2837 ef·

279 2925 287 2933 ⁵
362 2854 511 2906 fusus
546 2859 746 2908 lenibus
783 2863 998 2924 stagnis,
1034 2877 1133 2914 nec
1172 2865 1302 2913 adiri
1343 2881 1428 2914 ns-

365 2950 520 3000 quam
555 2936 617 2984 ad
640 2938 779 3006 ‘justi
813 2955 1019 2989 cursum
1067 2950 1277 3005 poterat
1322 2957 1428 2991 sm·

364 3011 476 3060 nis:
501 3019 557 3061 et
581 3027 733 3074 posse
753 3016 983 3078 quamvis
1005 3016 1252 3078 languida
1268 3019 1428 3082 mergi

367 3100 505 3211 :qua
539 3085 784 3145 infantes,
830 3103 975 3153 spem
1012 3089 1301 3141 ferentibus
1339 3093 1429 3141 da-

405 3170 479 3212 at.

431 3236 622 3288 ¹Accae
662 3240 932 3305 Lareatiae]
983 3242 1200 3305 Optime
1244 3244 1429 3294 Laren·
1473 3232 1485 3242 ⁸

367 3316 488 3375 tia-,⁸
543 3318 678 3365 male
730 3319 819 3381 qui
873 3318 1186 3368 Laurentium
1231 3321 1431 3370 dicunt.

1510 2797 1619 2836 tum
1643 2788 1881 2849 reponit:
1906 2786 1923 2814 ‘
1944 2785 2086 2834 Acca
2111 2782 2393 2834 Larentia?

1574 2872 1599 2897 ¹¹
1634 2864 1834 2913 Addunt
1864 2861 2080 2927 quidam]
2114 2861 2271 2909 Ovid.
2298 2860 2442 2909 Fast.
2483 2871 2573 2906 ιιι.

1511 2941 1705 2992 ‘Lacte
1743 2943 1855 3003 quis
1890 2938 2115 2988 infantes
2149 2937 2316 2986 nescit
2344 2936 2573 2985 crevisse

1511 3015 1702 3075 ferino,
1727 3017 1795 3065 Et
1828 3018 2002 3078 picum
2038 3014 2290 3076 expositis
2323 3026 2463 3074 saepe
2494 3020 2575 3060 tu·

1509 3093 1633 3141 lisse
1664 3089 1853 3140 cibos?
1906 3091 2045 3138 Vide
2077 3088 2345 3138 Plutarch.
2384 3089 2435 3136 in
2467 3086 2576 3136 vita

1513 3166 1741 3215 Romuli.

1567 3251 1600 3282 ‘⁰
1635 3243 1897 3292 Raminare
1910 3243 1978 3290 sit
1990 3240 2203 3304 solitum]
2232 3240 2424 3289 Melius
2441 3240 2574 3287 Var-

1510 3334 1569 3370 ro
1593 3321 1729 3382 apud
1755 3320 1902 3367 Fest.
1941 3325 1956 3347 ‘
1973 3316 2259 3365 Ruminalis
2275 3315 2407 3365 ficus
2429 3315 2576 3364 dicta

367 3390 514 3441 Fast·
562 3393 703 3442 Elar.
740 3393 841 3457 Np.
883 3394 898 3421 ‘
933 3396 1287 3445 Larentinslia
1321 3397 1427 3447 Ne·
1510 3396 1651 3460 quod
1693 3395 1792 3443 sub
1823 3409 1887 3443 ea
1924 3392 2108 3441 arbore
2146 3394 2266 3454 lupa
2301 3404 2574 3439 mammam

366 3465 537 3517 fastus
563 3469 764 3531 primo.'
1510 3472 1659 3520 dedit
1681 3471 1845 3520 Remo
1870 3475 1925 3517 et
1951 3468 2186 3516 Romulo.
2238 3466 2465 3515 Mamma
2485 3480 2577 3513 au-

433 3551 470 3576 ¹¹⁸
503 3537 694 3594 Ennius
729 3545 811 3596 tib.
848 3547 913 3610 r.]
952 3548 1207 3599 Quinctus
1233 3549 1429 3597 Ennius
1514 3554 1619 3595 tem
1643 3546 1798 3594 rumis
1820 3542 2030 3597 dicitur,
2052 3542 2261 3591 undeet
2284 3541 2464 3590 rustici
2484 3556 2577 3604 ap-

365 3620 526 3684 poeta
547 3621 770 3671 celebris
799 3623 890 3686 qui
910 3625 1120 3672 annales
1144 3624 1357 3692 scripsit
1376 3634 1432 3674 et
1513 3624 1710 3685 pellant
1753 3621 1931 3670 hoedos
1961 3621 2252 3675 subrumos,
2286 3618 2374 3682 qui
2408 3617 2578 3668 adhuc

368 3698 575 3762 satiras,
619 3712 834 3763 quorum
893 3696 1189 3763 fragmenta
1233 3707 1430 3749 tautum
1513 3702 1609 3750 sub
1629 3701 1859 3750 mammis
1877 3696 2172 3749 habentur.'

1227 3952 1438 4019 CAP.
1499 3952 1730 4017 XXI.

370 4081 806 4133 Anconem-um.
874 4080 1044 4130 Aliter
1075 4079 1264 4129 iterum
1306 4079 1372 4127 de
1409 4079 1630 4128 Romulo
1664 4084 1720 4126 et
1761 4077 1929 4127 Remo
1967 4078 2210 4127 relatum.
2276 4076 2576 4141 Lupansrin

602 4161 740 4211 unde
763 4160 924 4210 dicta.
992 4160 1186 4210 Amulii
1210 4160 1399 4212 caedes.
1468 4161 1722 4210 Romulus
1745 4166 1800 4208 et
1822 4158 2015 4208 Remus
2038 4157 2175 4207 unde
2199 4157 2346 4208 dicti.

456 4260 524 4329 1.
564 4257 681 4326 Aa-
714 4258 1224 4328 veroValerius
1243 4268 1272 4309 P
1318 4258 1538 4340 tradit,
1583 4277 1826 4344 pueros
1854 4277 1945 4323 ex
1975 4256 2169 4326 Rhea
2197 4255 2432 4341 Sylvia
2456 4276 2573 4323 na·
