3023 4942
898 377 913 406 ’
1050 402 1402 450 ΚνιΤοΜΕ.
1479 402 1647 450 οΑΡ.
1692 400 1921 449 xxw.
2447 386 2588 450 411>

383 550 506 611 est.
595 546 662 610 6.
707 543 936 629 Hujus
967 534 1214 630 corpus
1245 566 1362 630 per
1411 546 1623 611 Urbis
1656 546 1830 623 viaS,
1871 564 2056 609 more
2098 544 2323 608 canini
2378 545 2581 609 cada-

383 648 583 726 veris,
610 668 652 712 a
679 648 995 713 militibus
1014 654 1300 712 tractum
1326 653 1450 725 est,
1473 648 1745 712 militari
1776 646 2021 711 cavillo
2042 646 2521 730 appellantium
2528 645 2581 725 ,¹¹

380 750 728 831 indomitae
777 749 1164 835 rabidaeque
1203 749 1506 814 libidinis
1567 749 1885 814 catulam.
1977 748 2368 813 Novissime
2428 768 2580 813 cum

380 860 736 935 angustum
765 849 1093 917 foramen¹
1124 853 1378 918 cloacae
1410 872 1654 936 corpus
1690 853 1958 916 minime
1989 852 2333 935 reciperet,
2362 869 2580 934 usque

383 953 473 1018 ad
502 955 807 1019 Tiberim
848 953 1230 1031 deductum,
1261 956 1527 1040 adjecto
1567 954 1889 1039 pondere,
1922 973 2005 1017 ne
2036 972 2328 1036 unquam
2374 972 2579 1017 emer-

383 1064 596 1136 geret,
616 1058 684 1120 in
715 1056 985 1119 fiuvium
1015 1056 1386 1139 projectum
1417 1062 1541 1120 est.
1627 1058 1692 1120 ’7.
1731 1054 1935 1120 Vixit
1964 1070 2176 1119 annos
2207 1054 2531 1119 sedecim:
2557 1051 2584 1090 k

383 1163 583 1240 atque
611 1177 701 1221 ex
729 1176 823 1233 re,
849 1177 1004 1241 quae
1033 1153 1394 1236 acciderat,
1413 1157 1773 1222 Tiberinus
1802 1158 2295 1239 Tractitiusque
2314 1153 2330 1191 ¹
2350 1157 2581 1240 appel-

381 1258 565 1324 latus
596 1266 720 1325 est.

1309 1357 1430 1378 om
1433 1359 1668 1381 OOOOOOO

384 1470 729 1534 Sylburg.—6
762 1473 808 1524 A
831 1473 985 1523 milite
1006 1471 1128 1522 Ald.
1150 1472 1352 1522 Schott.
1379 1472 1571 1521 Gaesb.
1596 1472 1789 1535 Delpb.
1821 1473 2009 1522 Pitisc.
2033 1478 2217 1521 contra
2233 1471 2362 1519 Mss.
2383 1477 2438 1519 et
2464 1485 2582 1520 mox

383 1535 519 1585 eaed.
543 1546 739 1599 praeter
765 1537 888 1587 Ald.
908 1544 956 1587 et
972 1539 1170 1587 rabidoe.
1235 1538 1368 1587 Tum
1394 1540 1589 1586 ductum
1612 1552 1710 1600 pro
1732 1540 1982 1587 deductum
2006 1537 2140 1586 eaed.
2159 1544 2343 1585 contra
2364 1537 2492 1585 Mss.
2526 1547 2581 1586 et

383 1608 514 1649 vett.
543 1602 760 1651 αἰεὶ-’1
795 1604 880 1651 Ex
911 1602 1068 1666 rebus,
1103 1618 1207 1667 quae
1239 1603 1505 1651 acciderant
1545 1601 1668 1651 Ald.
1705 1603 1907 1651 Schott.
1944 1601 2139 1651 Gaesb.
2165 1602 2363 1662 Delph.
2394 1602 2585 1652 Pitisc.

382 1674 569 1714 contra
607 1668 735 1716 Mss·
768 1674 827 1716 et
848 1668 1139 1717 Veronens.
1203 1668 1388 1716 Statim
1427 1667 1799 1731 ‘Tractinusque
1840 1674 1924 1716 est
1957 1668 2008 1716 iu
2036 1669 2340 1729 Augustano
2375 1668 2492 1715 cod.
2529 1672 2585 1730 et

381 1730 669 1779 Veronens.
756 1732 820 1781 In
865 1732 1069 1796 Cujacii
1135 1732 1240 1782 Ms.
1288 1732 1682 1795 Treuiriusque)
1733 1731 1936 1781 Schott.
2031 1731 2387 1795 Tractiriusque
2434 1730 2590 1781 Laid:

383 1804 628 1861 uterque.
2179 1811 2186 1818 ·

1377 1891 1603 1943 NOTAE

383 1993 516 2036 trem
561 1986 892 2036 Mammaeam
940 2001 1167 2037 sororem
1210 1987 1444 2046 Soemeae‚
1530 1983 1665 2053 prid.
1689 1989 1820 2041 ‘Sed
1844 2003 1962 2041 cum
1984 2003 2087 2039 non
2110 1988 2333 2053 cepisset
2354 1988 2586 2038 eloacula

382 2077 498 2128 qnae
544 2062 877 2126 Heliogabali
933 2069 1098 2113 mater
1141 2063 1275 2114 fuitz
1325 2065 1454 2114 vide
1528 2065 1763 2123 fortuito,
1802 2080 1900 2129 per
1933 2072 2143 2128 pontem
2189 2064 2464 2122 AEmiliutm
2497 2079 2586 2113 an·

381 2146 491 2188 not.
510 2146 552 2186 ⁸.
616 2139 781 2188 Fuere
814 2138 902 2203 qui
935 2138 1336 2201 Heliogabalum
1371 2138 1444 2188 A·
1526 2154 1661 2190 nexo
1694 2141 1926 2205 pondere
1960 2155 2027 2190 ne
2060 2139 2313 2203 fluitaret,
2344 2140 2399 2188 in
2426 2139 2581 2189 Tibe-

381 2218 615 2267 lexandri
652 2225 892 2281 patruum
915 2217 1191 2280 facerent3
1225 2218 1317 2268 sed
1344 2219 1440 2272 fal·
1526 2216 1622 2266 rim
1663 2217 1931 2281 abjectum
1963 2223 2065 2273 est,
2085 2231 2153 2265 ne
2188 2228 2412 2281 nuquam
2435 2229 2587 2279 sepe-

384 2306 478 2342 sot
513 2293 632 2342 vide
661 2294 926 2358 Lamprid.
1526 2291 1606 2342 liri
1632 2292 1851 2357 posset!

440 2368 474 2406 ¹⁸
505 2370 722 2420 Militari
741 2371 910 2420 cavillo
926 2370 1287 2435 appellantium]
1320 2371 1441 2421 Non
1587 2368 1613 2404 Β
1644 2370 1809 2425 Annos
1829 2370 2055 2435 sedecim]
2087 2369 2219 2420 Aliis
2244 2383 2411 2420 xviu.

381 2460 584 2510 possum
609 2460 929 2511 concoquere
964 2461 994 2495 a
1025 2448 1041 2476 ‘
1063 2446 1265 2506 milite,’
1286 2449 1442 2515 appel·
1593 2446 1607 2482 ¹
1638 2448 1889 2499 Tiberinus
1925 2447 2301 2512 Tractiliusque]
2347 2456 2361 2479 ⁶
2386 2446 2584 2512 Appel-

383 2524 616 2572 lantinmx
646 2537 808 2586 quare
832 2522 1069 2587 legebam
1083 2523 1444 2586 appellantibus,
1525 2525 1660 2574 latus
1706 2533 1788 2575 est
1841 2532 1963 2590 post
2016 2533 2254 2588 mortem,
2291 2525 2584 2583 Tiberinus,

382 2601 467 2649 vel
489 2600 774 2662 appellante.
1524 2588 1813 2651 Tractitius
1837 2609 1891 2653 et
1915 2601 2184 2666 impurus.'
2217 2600 2481 2666 Lamprid.

452 2678 468 2712 ¹
489 2679 762 2729 Novissime
776 2694 882 2729 cum
893 2672 1275 2742 angustumfor.]
1294 2679 1444 2728 Lam·

1316 2986 1329 3021 l

1197 3072 1409 3138 CAP.
1476 3070 1781 3138 XXIV.

1039 3223 1382 3272 SEVERUS
1433 3222 1943 3272 ALEXANDER.

471 3356 534 3419 1.
583 3355 937 3419 SEVERUS
1000 3353 1497 3418 ALEXANDER
1560 3352 1915 3438 imperavit
1970 3373 2185 3418 annos
2243 3353 2579 3420 tredecim.

384 3455 524 3521 Hic
548 3459 767 3522 bonus
797 3456 1211 3539 reipublicae,
1242 3454 1373 3518 suit
1403 3464 1873 3520 aerumnosus.ab
1958 3456 2022 3521 2.
2055 3457 2196 3521 Sub
2216 3456 2344 3520 hoc
2372 3457 2585 3547 impes

382 3548 568 3623 rante
627 3559 962 3623 Taurinus
1013 3555 1365 3641 Augustus
1416 3556 1753 3635 effectus?
1810 3560 1898 3622 ob
1961 3560 2261 3624 timorem
2310 3559 2461 3642 ipse
2508 3579 2583 3623 se

1306 3719 1665 3740 Neeeaeeeeeee

450 3822 590 3871 cn».
613 3835 775 3871 xxrv.
843 3825 870 3870 1
905 3820 1066 3871 Annis
1086 3822 1310 3871 tredecim
1334 3820 1456 3871 Ald.
1531 3821 1659 3870 Mox
1684 3818 1817 3868 bonis
1836 3819 2033 3882 vulgati
2051 3819 2164 3869 fere
2180 3834 2375 3870 omnes.
2419 3784 2584 3869 Veross

269 3906 287 3929 0
383 3899 528 3941 nene.
549 3886 628 3936 hic
648 3887 795 3936 bonus
815 3887 881 3937 P.
904 3887 1087 3946 &suit
1107 3889 1510 3936 maminotum—2
1544 3884 1769 3950 Effectus
1790 3889 1879 3933 est.
1918 3885 1993 3934 Ob
2014 3886 2138 3935 tim-
2161 3886 2282 3936 Ald.
2319 3901 2436 3935 cum
2461 3886 2587 3945 edd.

1280 4016 1284 4023 ’
1368 4015 1597 4072 ‘NOTAE

446 4129 472 4156 ⁸
503 4120 607 4170 Hic
627 4121 773 4168 boum
791 4119 974 4182 reipub.
987 4117 1093 4178 fuit
1126 4120 1439 4183 arumnosas]
1521 4120 1736 4168 Victore
1760 4116 2053 4166 dissentire.

385 4197 472 4248 Ob
507 4197 745 4247 amissum
782 4201 970 4245 contra
1004 4194 1195 4244 Persas
1241 4195 1440 4244 exerei-
1586 4195 1609 4231 ¹²
1648 4196 1883 4245 Tam-inus
1914 4194 2165 4255 Augustus
2194 4194 2417 4261 effectus]
2463 4197 2581 4246 Hoc

383 4281 511 4324 tum.
577 4272 715 4323 Vide
741 4269 1035 4322 Herodian.
1059 4279 1112 4321 et
1145 4276 1271 4320 nota
1305 4271 1387 4321 hic
1409 4286 1441 4321 a
1525 4269 1663 4334 apud
1689 4270 1844 4321 alium
1869 4284 1952 4320 me
1976 4269 2166 4334 legisse
2189 4285 2287 4320 non
2312 4271 2539 4322 memini.
