3023 4942
1502 177 1522 204 ἰ

481 389 615 457 380
888 387 893 390 ’
1077 406 1307 456 snxrr
1355 405 1680 457 Annum
1730 407 2085 457 wer-oms

484 550 605 630 tia,
634 549 1054 629 liberalitate,
1083 549 1622 628 honorificentia,
1653 571 1735 617 ac
1761 552 2066 635 pecuniae
2099 556 2479 619 contemtu:
2524 574 2675 639 quae

484 672 567 718 eo
596 653 889 737 amplius
918 663 1106 736 grata
1146 654 1354 734 fuere,
1386 653 1565 739 quod
1598 673 1689 719 ex
1715 655 2056 719 nonnullis
2084 674 2128 719 a
2157 656 2421 738 privato
2463 657 2679 721 adhue

485 755 790 840 patratiS,
836 755 1161 838 asperior,
1191 756 1483 821 luxuriae
1536 761 1602 821 et
1625 757 1942 848 *avaritiae
1996 777 2229 822 amans
2287 757 2680 824 credebatur

484 856 678 922 forest²
761 859 827 922 4.
874 856 1189 943 Namque
1234 859 1700 941 praefecturam
1733 860 2210 943 praetorianam
2241 866 2429 943 patre
2473 861 2682 944 impe-

486 964 678 1024 rante
729 959 1038 1045 adeptuS,
1090 969 1478 1044 suspectum
1535 959 1913 1045 quemqued
1968 966 2034 1026 et
2085 963 2476 1047 oppositum
2529 963 2681 1038 sibi,

483 1061 832 1142 immissae,
862 1063 981 1146 qui
1015 1083 1144 1148 per.
1164 1064 1421 1129 theatra
1450 1073 1521 1129 et
1564 1065 1804 1129 castris
1832 1064 2168 1131 invidiosa
2203 1064 2548 1149 jactantes
2592 1063 2680 1127 ad

484 1183 756 1248 poenam
788 1171 1169 1247 poscerent,
1201 1166 1400 1249 quasi
1431 1166 1725 1230 criminis
1755 1167 2102 1230 convictos
2147 1167 2508 1250 oppressit.
2598 1166 2682 1229 In

488 1267 640 1349 quis
669 1266 1010 1333 Caecinam
1064 1269 1478 1334 consularem
1525 1269 1886 1350 adhibitum
1936 1288 2181 1347 coenae,
2232 1270 2347 1333 vix
2380 1268 2544 1332 dum
2572 1268 2680 1334 tri-

488 1367 692 1433 clinio
739 1390 1097 1452 egressum,
1128 1372 1215 1435 ob
1261 1372 1719 1454 suspicionem
1767 1376 2091 1453 stupratae
2124 1369 2473 1436 Berenicis
2512 1390 2683 1434 uxo-

486 1470 623 1535 ris⁸
669 1490 837 1551 suae,
873 1472 1169 1557 jugulari
1189 1472 1416 1556 jussit.
1501 1476 1568 1536 5.
1615 1468 1895 1554 Jurgia‘
1934 1479 2160 1537 autem
2195 1474 2319 1536 sub
2349 1487 2541 1555 patre
2575 1491 2684 1537 ve-

485 1574 845 1655 numdata;
889 1577 1267 1660 rapinarum
1298 1576 1657 1661 cupidum;
1691 1576 1863 1640 unde
1895 1575 2232 1640 Neronem
2264 1575 2491 1640 cuncti
2538 1576 2685 1659 opi-

484 1682 727 1741 nantes
756 1685 1207 1762 vocantesque
1231 1686 1257 1724 ⁸
1304 1697 1634 1743 summam
1682 1697 1898 1742 rerum
1937 1686 2212 1743 nactum
2250 1676 2540 1761 graviter
2570 1695 2685 1741 ac·

487 1787 833 1861 ceperant.
918 1779 984 1845 6.
1030 1779 1164 1845 Sed
1211 1781 1362 1845 haec
1415 1781 1484 1843 iu
1539 1777 1827 1844 melius¹³
1879 1798 2213 1845 conversa
2251 1781 2420 1868 adeo
2447 1782 2512 1846 ei
2562 1780 2684 1843 im-

487 1882 838 1946 mortalem
871 1882 1144 1964 gloriam
1177 1880 1538 1958 contulere,
1569 1889 1645 1947 ut
1675 1882 1937 1947 deliciae
1968 1887 2169 1966 atque
2199 1902 2387 1947 amor
2413 1881 2687 1947 humani

487 1983 749 2065 generis
779 1985 1254 2068 appellaretur.
1304 1987 1368 2050 ¹7.
1401 1985 1734 2068 Denique,
1764 1992 1840 2049 ut
1871 1986 2079 2049 subiit
2106 1985 2377 2069 pondus
2405 1985 2686 2065 regium,

489 2084 856 2151 Berenicen
919 2089 1190 2172 nuptias
1251 2107 1411 2154 suas
1479 2095 1858 2171 sperantem
1920 2088 2182 2169 regredi
2254 2086 2559 2163 domum,
2619 2089 2689 2149 et

452 2199 463 2202 “
488 2198 939 2255 enervatorum
967 2209 1202 2273 greges
1231 2192 1418 2255 abire
1448 2191 1802 2274 praecepit.
1893 2190 2056 2269 Quo
2087 2190 2297 2267 facto,
2328 2190 2526 2274 quasi
2558 2189 2688 2270 sig-

488 2309 648 2355 num
687 2293 964 2374 protulit
1012 2299 1287 2361 mutatae
1336 2293 1887 2378 intemperantiae.
1975 2293 2041 2359 8.
2089 2293 2353 2357 Dehinc
2385 2311 2535 2356 cum
2568 2290 2686 2354 do-

1401 2449 1732 2474 ‘oeconomo‘
1736 2450 1765 2471 O

491 2549 642 2629 Infra
675 2551 690 2578 ⁸
711 2551 954 2629 Patratis.
988 2552 1190 2630 Partitis
1211 2553 1341 2602 Μαι.
1366 2555 1582 2616 privatis
1603 2552 1817 2630 asperior
1834 2551 1990 2638 13¹⁶·
2012 2547 2093 2610 et]
2129 2548 2326 2626 vulgati
2348 2548 2460 2598 fere
2492 2562 2686 2626 omnes,

493 2630 643 2680 quasi
676 2622 691 2645 ‘
710 2631 740 2664 a
760 2624 964 2679 privato
980 2616 995 2638 ’
1026 2625 1097 2667 ita
1121 2617 1317 2668 dictum
1342 2620 1428 2683 sit,
1456 2627 1515 2667 ut
1555 2620 1571 2646 ‘
1587 2634 1616 2667 a
1640 2632 1831 2681 pueris.
1911 2616 2039 2666 Mox
2064 2615 2389 2677 Luxunoeqne
2406 2619 2451 2663 el
2467 2621 2689 2664 σοαπ-πω

489 2695 656 2730 einans
668 2681 946 2731 credebatur
961 2680 1273 2732 Veronensis
1295 2685 1380 2733 ed.
1395 2692 1456 2733 ut
1475 2683 1615 2733 absit
1623 2683 1739 2743 fore
1752 2699 1770 2733 .-
1799 2681 1914 2730 vide
1934 2679 2067 2730 infrs
2092 2682 2145 2728 in
2160 2679 2471 2740 Theodosio,
2488 2685 2542 2728 et
2559 2680 2689 2729 Sue·

493 2751 602 2794 ton.
629 2761 676 2794 c.
698 2749 749 2794 6.
770 2754 827 2796 et
859 2746 1025 2809 (uude
1047 2747 1161 2796 haec
1192 2757 1401 2812 sumpta
1425 2749 1489 2798 nd
1517 2749 1732 2798 verbum
1753 2744 1899 2811 sunt)
1921 2762 1969 2795 c.
1992 2750 2041 2795 7.
2063 2745 2153 2809 qui
2174 2744 2419 2793 submissis
2440 2751 2495 2793 et
2522 2745 2685 2806 depos·
2793 2746 2798 2755 “

491 2814 650 2858 serent
671 2809 848 2871 habet,
885 2811 972 2861 ubl
1013 2813 1208 2862 Noster
1245 2814 1472 2863 immissis
1507 2820 1563 2862 et
1596 2814 1756 2877 paulo
1795 2818 1910 2872 post
1943 2813 2209 2874 poscerent,
2246 2823 2348 2858 non
2383 2809 2459 2857 ita
2503 2805 2690 2857 recte.¹
2750 2837 2755 2841 -

490 2874 676 2924 Senon.
741 2877 758 2904 ‘
777 2875 973 2925 Omnes
994 2879 1175 2939 scripti
1196 2880 1422 2941 patratis.
1490 2878 1630 2928 Edd.
1646 2878 1868 2941 priuatis.
1933 2876 2038 2925 Sed
2064 2875 2248 2923 melius
2273 2873 2464 2923 deinde
2489 2872 2611 2922 edd.
2634 2877 2689 2921 et

490 2939 626 2988 Mss.
649 2941 948 3003 luxurioeque
971 2950 1278 3006 agnoscunt,
1313 2943 1380 2991 de
1416 2958 1519 3006 quo
1555 2957 1675 3006 cap.
1699 2947 1750 2992 8.
1789 2944 1890 3007 §4
1913 2948 1968 2989 et
1991 2938 2156 2989 alibi.'
2191 2938 2368 2988 Arntz.
2434 2937 2689 2998 Luxuria,

491 3002 699 3066 abjecto
720 3020 827 3067 que,
846 3006 1046 3056 Schott.
1071 3007 1265 3057 Gaesb.
1289 3008 1484 3070 Delph.
1510 3008 1801 3056 Pirum-4
1842 3007 1941 3054 Per
1955 3005 2147 3055 theatra
2168 3009 2216 3052 et
2232 3009 2394 3052 eastra
2414 3003 2549 3051 eoed.
2571 3016 2688 3052 cum

493 3065 813 3118 Alei-contra
835 3071 969 3120 Mss.
1038 3072 1168 3121 Tum
1195 3071 1451 3121 cecinnam
1473 3071 1600 3121 Ald.
1636 3071 1930 3133 Coecinnam,
1970 3069 2195 3119 cecinam
2218 3069 2416 3117 alii.—5
2460 3066 2690 3116 Vocantes

490 3135 829 3199 opinantesque
857 3134 983 3186 Ala.
1006 3137 1211 3187 Schott.
1233 3137 1430 3187 Gaesb.
1468 3138 1665 3202 Delph.
1691 3136 1975 3186 Pitisc.-—⁷
2011 3136 2028 3162 ‘
2049 3133 2257 3196 Signum
2278 3132 2500 3196 protulit.
2569 3132 2688 3183 Non

1484 3272 1701 3323 NOTAE

558 3380 581 3406 ⁶
612 3370 844 3421 Luxuria
878 3376 928 3421 et
957 3372 1178 3421 avar-uice
1209 3387 1374 3422 amans
1393 3374 1555 3422 erede·
1690 3370 1711 3405 ἴ
1735 3369 1943 3435 Jurgia]
1979 3367 2045 3417 Id
2082 3375 2181 3424 est,
2216 3364 2402 3430 ‘jura-⁹
2469 3367 2555 3416 De
2593 3367 2688 3414 hoc

480 3448 780 3513 ‘batnrforeJ
819 3449 1009 3499 Melius
1033 3452 1088 3498 in
1111 3451 1404 3500 Veronensi
1427 3450 1555 3500 edit.
1626 3449 1839 3498 Sueton.
1881 3461 1929 3496 c.
1961 3451 2013 3496 7.
2060 3444 2345 3508 ‘Suspecta
2377 3450 2457 3492 est
2493 3444 2689 3507 rapaci-

491 3528 814 3590 Luxurioeque
834 3532 882 3575 et
903 3527 1122 3575 auaritioe
1141 3528 1307 3575 amans
1337 3527 1558 3577 credeba-
1626 3533 1705 3573 tas
1726 3540 1741 3572 ε
1777 3522 1914 3586 quod
1941 3521 2212 3571 constabat
2233 3519 2286 3567 in
2309 3517 2690 3583 cognitionibus

491 3610 611 3653 tur:
646 3609 706 3652 ut
748 3602 885 3651 absit
923 3601 984 3652 τὸ
1005 3601 1138 3662 fore.
1206 3604 1287 3653 De
1332 3604 1557 3662 luxuria,
1627 3599 1793 3662 patris
1848 3596 2125 3674 nundinari
2170 3595 2535 3660 proemiarique
2577 3595 2688 3645 soli-

494 3679 716 3738 saevitia‚
735 3684 793 3727 et
815 3678 1049 3734 avaritia,
1072 3678 1289 3729 Sueton-
1306 3692 1353 3728 c.
1375 3684 1423 3729 7.
1628 3675 1780 3725 tum?

556 3755 582 3790 θ
615 3756 887 3819 Suspectum
908 3755 1152 3819 quemque]
1185 3755 1554 3818 ‘suspectissi-
1704 3760 1733 3796 t
1791 3751 2057 3814 opinantes
2099 3753 2409 3812 vocantesque
2453 3745 2689 3810 [vocantes

492 3845 631 3882 mum
674 3846 928 3896 quemque
972 3832 1094 3891 sibi,
1147 3833 1427 3881 summissis
1466 3832 1553 3896 qui
1624 3829 1988 3894 opinantesque]
2040 3827 2174 3876 Mss.
2213 3827 2406 3875 rectius
2448 3824 2691 3887 opinantes

494 3921 591 3970 per
613 3906 820 3956 theatra
849 3915 906 3956 et
935 3913 1109 3955 castra
1130 3909 1269 3972 quasi
1299 3922 1554 3957 consensu
1623 3913 1947 3968 vocantesque.
1972 3905 2040 3953 Et
2054 3904 2270 3953 Sueton.
2288 3910 2304 3933 ‘
2323 3901 2565 3964 Denique
2580 3914 2689 3963 pro·

493 3982 560 4031 ad
598 3994 802 4046 poenam
838 3981 1197 4045 deposcerent,
1226 3983 1361 4032 haud
1399 3998 1555 4049 cunc·
1628 3985 1796 4047 palum
1830 3981 2284 4030 aliumNeronem
2318 3984 2375 4027 et
2412 3977 2687 4041 opinaban-

494 4063 670 4108 tanter
690 4057 989 4121 oppressit.’
1050 4058 1267 4108 Sueten.
1292 4074 1340 4109 c.
1364 4063 1415 4108 6.
1629 4066 1735 4121 tur,
1757 4065 1813 4107 et
1836 4053 2227 4121 predicabant!

557 4141 583 4170 θ
622 4134 825 4198 Uxoris]
856 4134 1004 4184 Uxor
1024 4148 1129 4184 non
1150 4142 1284 4198 erar,
1306 4135 1400 4184 sed
1426 4149 1562 4199 nup·
1691 4132 1718 4169 ¹¹
1749 4133 1849 4183 Sed
1882 4134 1984 4182 hoee
2009 4132 2063 4180 in
2086 4131 2280 4194 melius]
2309 4130 2527 4181 Sueton-
2557 4131 2574 4159 ‘
2609 4127 2687 4179 Ac

495 4213 593 4262 tias
611 4212 872 4276 pollicitus
890 4211 1068 4263 uxoris
1086 4226 1200 4262 eam
1223 4210 1426 4262 nomine
1441 4211 1553 4277 dig·
1627 4210 1706 4261 illi
1742 4224 1806 4260 ea
1836 4209 1976 4257 fama
1998 4221 2091 4270 pro
2113 4207 2248 4255 bono
2270 4206 2453 4268 cessit,
2475 4219 2687 4256 conver·

494 4288 728 4340 nubatur.
1630 4300 1786 4352 esque
1809 4292 1889 4336 est
1917 4284 1972 4334 iu
2005 4283 2259 4333 maximas
2278 4281 2497 4344 lauden
2528 4294 2690 4346 nequo
