3023 4942
377 335 468 400 24
1330 353 1650 402 ,lumen

378 497 594 563 libelli
624 497 828 569 istius
875 503 1218 563 auctorem
1263 517 1413 562 esse
1456 497 1821 582 Nepotem,
1864 502 2246 562 constanter
2297 498 2593 580 negabo:

382 619 506 664 nec
535 602 709 665 enim
734 602 946 681 magis
969 600 1426 684 consequitur,
1451 622 1652 683 quam
1673 601 1781 663 vel
1804 600 2227 678 Suetonium,
2249 601 2356 663 vel
2380 600 2593 663 AEmi-

382 702 544 765 lium
577 702 902 779 Probum,
934 705 1042 767 vel
1076 703 1444 786 Hyginum,
1478 703 1588 767 vel
1620 702 1826 766 alium
1859 702 2194 785 quemviS.
2289 701 2452 766 Huc
2484 721 2595 766 ac-

385 803 570 868 cedit
598 805 826 887 capita
854 806 1030 887 ipsa,
1063 826 1216 887 quae
1264 806 1602 888 AgelliuS,
1643 806 2023 888 Sosipater,
2057 804 2360 881 Servius,
2392 811 2599 868 caete·

384 905 575 987 rique
603 925 696 969 ex
724 906 1018 990 Nepotis
1048 907 1440 972 Illustribus
1470 908 1772 981 recitant,
1812 927 1899 970 ne
1930 907 2289 988 vestigium
2324 905 2599 988 quidem

385 1007 599 1072 libelli
619 1010 837 1099 ,no-stri
866 993 1197 1092 praeferre.
1289 1009 1515 1073 Unum
1568 1009 1651 1073 de
1697 1008 1923 1072 multis
1977 1006 2386 1091 exemplum,
2430 1027 2600 1089 quo-

358 1109 567 1172 ·niam
601 1110 684 1173 ad
717 1130 853 1192 tem
885 1110 1069 1188 facit,
1101 1108 1397 1176 afferam.
1486 1109 1798 1190 Agellius
1828 1109 1964 1186 (vel
1987 1110 2047 1172 si
2074 1117 2374 1172 veterum
2396 1108 2601 1188 libro-

386 1229 530 1274 rum
556 1213 1024 1278 auctoritatem
1049 1214 1356 1297 negligiS‚
1373 1212 1460 1278 A.
1482 1212 1778 1290 Gellius)
1801 1211 2006 1276 Noct.
2035 1211 2236 1274 Attic.
2257 1211 2377 1273 lib.
2401 1225 2601 1274 xvn.

389 1332 542 1394 cap.
597 1314 707 1376 21.
752 1333 889 1377 non
938 1316 1221 1378 obscure
1273 1316 1448 1379 hunc
1503 1334 1658 1378 esse
1718 1313 2010 1396 Nepotis
2067 1318 2334 1395 partum
2387 1318 2604 1393 negat.

391 1421 411 1471 .‘
445 1411 567 1476 M!
596 1415 835 1499 inquit,
867 1421 887 1449 ‘
915 1415 1214 1480 Manlius
1246 1416 1510 1491 Romae,
1554 1417 1671 1500 qui
1719 1415 1960 1480 Gallos
1986 1416 2056 1479 in
2088 1413 2440 1479 obsidione
2471 1413 2604 1477 Ca-

390 1516 618 1599 pitolii
648 1518 1051 1601 obrepentes
1081 1539 1202 1601 per
1234 1520 1441 1584 ardua
1472 1518 1847 1601 depulerat,
1872 1517 2221 1581 convictus
2252 1522 2357 1580 est
2386 1516 2603 1580 consi-·

391 1618 553 1682 lium
586 1618 672 1682 de
717 1639 921 1701 regno
973 1622 1380 1704 occupando
1424 1622 1700 1685 iniisse:
1748 1619 2233 1702 damnatusque
2274 1618 2528 1699 capitis
2564 1638 2604 1682 e

393 1741 567 1784 saxo
615 1721 937 1805 Tarpeio,
985 1732 1062 1786 ut
1111 1724 1211 1788 Μ.
1241 1724 1458 1788 Varro
1506 1723 1624 1801 ait,
1677 1741 1983 1805 praeceps
2017 1720 2253 1799 datus3
2297 1725 2373 1783 ut
2402 1718 2607 1784 Corne

376 1831 619 1916 „autem
675 1822 918 1906 Nepos
969 1825 1299 1907 scriptum
1352 1824 1641 1907 reliquit,
1688 1822 2097 1887 verberando
2144 1830 2422 1885 necatus
2462 1820 2609 1884 est!

398 1922 654 1987 Noster
685 1945 840 1988 vero
874 1926 1171 1991 disertim
1193 1927 1277 1990 de
1301 1946 1471 1990 saxo
1493 1925 1795 2031 Tarpeio
1820 1925 2326 2008 praecipitatum
2346 1908 2609 1986 scribit.

397 2025 531 2088 Sed
564 2025 730 2089 nihil
763 2028 905 2109 agit
934 2027 1347 2094 Catellianus
1376 2029 1608 2106 Cotta,
1642 2030 1762 2111 qui
1765 2028 1942 2091 haec
1975 2026 2059 2090 ad
2094 2023 2434 2090 Chronica
2455 2023 2607 2088 Ne

393 2129 573 2210 potis
626 2128 1019 2212 detorquet.
1088 2152 1212 2197 nec
1263 2133 1442 2196 enim
1495 2132 1716 2195 simile
1768 2151 1948 2207 vem,
1985 2136 2133 2193 tam
2175 2133 2611 2219 praestantem

396 2229 785 2294 historicum
815 2238 950 2296 tam
981 2236 1463 2317 repugnantia
1445 2254 1515 2298 m
1542 2235 1704 2298 viris
1729 2233 2107 2297 illustribus
2137 2230 2425 2294 dixisse.
2467 2227 2615 2293 Ve-

396 2350 540 2394 rum
576 2340 648 2396 ut
669 2335 1040 2416 symbolam
1061 2356 1331 2420 quoque
1349 2336 1641 2400 Graecus
1666 2343 1901 2399 auctor
1922 2332 2243 2407 conferat,
2263 2350 2400 2395 non
2416 2328 2611 2403 levis,

398 2434 517 2499 sed
549 2432 815 2517 κώμικος
823 2434 1050 2523 pcipi-up
1081 2437 1518 2510 Plutarchus,
1540 2444 1618 2502 ut
1644 2438 1776 2520 ipsi
1798 2434 2330 2510 observavimus,
2347 2432 2446 2500 de
2480 2431 2612 2498 Lu-

402 2536 588 2601 cullo
620 2538 818 2619 longe
851 2540 1043 2603 aliter
1076 2540 1436 2655 scripsisse
1470 2538 1813 2621 Nepotem
1853 2539 2077 2611 refert,
2126 2544 2329 2619 atque
2359 2535 2614 2614 adulte-

386 2642 586 2726 rinus
613 2640 739 2703 iste
774 2640 1050 2725 Nepos:
1084 2642 1197 2716 ⁴sic
1227 2642 1402 2705 enim
1433 2643 1568 2706 ait:
1620 2647 1640 2675 ‘
1670 2641 1841 2705 Post
1868 2660 2026 2704 cum
2059 2639 2355 2703 alienata
2385 2640 2617 2725 *mentae

401 2741 706 2825 desipere
753 2742 1104 2825 coepisset,
1153 2744 1368 2808 tutela
1408 2748 1557 2827 ejus
1599 2744 1701 2808 M.
1734 2743 2023 2808 Lucullo
2070 2740 2618 2824 fratri'permissa

403 2844 547 2907 est.'
634 2835 1041 2908 Plutarchus
1072 2864 1276 2909 vero:
1322 2842 1530 2919 Νέπως
1551 2845 1606 2908 δὲ
1635 2844 1935 2930 Κορνήλιος
1967 2842 2197 2930 οὖχῑὺπὸ
2224 2839 2411 2926 γῆρως
2430 2838 2620 2922 φησὶν,

404 2943 523 3007 οὐδὲ
547 2946 707 3007 νόσου
736 2944 1118 3030 παραλλάξαι
1138 2943 1233 3009 τὸν
1256 2946 1640 3026 Λούκουλλον,
1666 2950 1829 3011 ἄλλα
1859 2946 2186 3034 φαρμάκοις
2216 2942 2323 3007 ὑπό
2346 2967 2489 3016 τινος
2506 2945 2628 3032 τῶν

403 3046 782 3135 ἀπελευθέρων
826 3047 1247 3123 Καλλισθένους
1292 3048 1691 3136 διαφθαρέντα.
1782 3049 1959 3127 Quae
2004 3050 2106 3114 sic
2142 3049 2617 3113 vertebamus:

413 3147 738 3214 Cornelias
772 3149 979 3234 Nepos
1007 3173 1204 3237 neque
1251 3152 1442 3231 senia,
1471 3175 1666 3239 neque
1698 3150 1932 3226 morb0,
1966 3137 2082 3226 ait,
2114 3148 2387 3213 alienata
2419 3156 2622 3211 mente

383 3249 615 3338 fuisse,
647 3251 756 3315 sed
783 3274 822 3314 a
859 3249 1238 3320 Callisthene
1267 3251 1489 3317 liberto
1517 3255 1765 3342 venenis
1796 3239 2176 3337 corruptum.
2261 3249 2622 3330 ,Callisthe-

405 3355 512 3418 nis
543 3356 727 3419 nulla
757 3355 942 3438 apud
975 3362 1309 3422 auctorem
1341 3367 1645 3423 nostrum
1667 3358 1938 3434 mentio,
1966 3376 2187 3441 neque
2215 3355 2414 3431 senii,
2443 3372 2622 3416 mor-

405 3456 500 3532 bi,
533 3466 654 3519 aut
680 3459 952 3521 veneni:
997 3478 1283 3523 necesse
1314 3467 1422 3524 est
1460 3461 1665 3542 igitur
1705 3462 1853 3546 alio
1900 3458 2177 3541 Nepote
2207 3474 2407 3520 usum
2459 3454 2623 3517 Plu-

406 3558 731 3638 tarchum.
825 3560 1014 3625 Idem
1046 3582 1314 3646 quoque
1337 3564 1407 3626 in
1428 3563 1707 3627 Tiberio
1730 3567 1798 3627 et
1816 3561 1987 3626 Caio
2014 3558 2378 3624 Gracchis:
2423 3552 2625 3630 Νέπως

411 3662 437 3720 ὁ
474 3660 770 3744 Κορνήλιός
799 3674 968 3739 φησιν
998 3666 1059 3726 οὐ
1094 3662 1391 3749 Κράσσου,
1424 3664 1676 3750 Βρούτου
1699 3664 1764 3734 ,δὲ
1795 3660 2277 3751 θριαμβεύσαντος
2301 3662 2413 3722 ἀπὸ
2442 3671 2625 3742 Λυσι-

409 3768 592 3824 τανῶν
628 3762 913 3850 θυγατέρα
935 3770 1131 3850 ,γῆμαι
1163 3761 1433 3836 Postumi.
1471 3764 1803 3831 Cornelius
1838 3764 2042 3850 Nepos
2076 3785 2201 3827 non
2238 3760 2475 3839 Crassi,
2522 3760 2630 3825 sed

416 3860 618 3927 Bruti
647 3865 780 3949 ejus
809 3866 920 3954 qui
948 3866 1023 3930 de
1058 3866 1381 3931 Lusitanis
1409 3867 1927 3953 triumphaverat,
1950 3865 2174 3950 filiam
2210 3866 2275 3928 in
2306 3864 2627 3945 matrinia,-

413 3966 518 4029 nio
555 3964 781 4030 Caium
811 3966 1095 4031 habuisse
1121 3966 1361 4033 scribit.
1455 3970 1539 4034 In
1586 3970 1861 4054 Nepote
1895 3989 2061 4036 vero
2106 3970 2245 4033 isto
2275 3967 2627 4042 subdititio

325 4085 330 4091 ·
414 4068 596 4145 filiae,
638 4089 857 4153 neque
919 4069 1180 4150 Crassi,
1228 4093 1449 4157 neque
1494 4074 1693 4138 Bruti
1737 4073 1881 4142 ulla
1930 4074 2178 4136 mentio
2219 4076 2442 4147 extat,
2496 4074 2630 4139 nisi

417 4172 779 4237 caecutiunt
807 4172 1009 4265 oculi.
1098 4164 1372 4252 Rursus
1416 4177 1486 4242 in
1531 4176 1880 4272 Noctibus
1924 4172 2181 4239 Atticis
2219 4179 2325 4248 est
2358 4174 2474 4239 lib.
2512 4190 2630 4241 xr.
