3023 4942
1062 398 1420 449 aurona.
1496 396 1872 448 camxw.
1973 411 1976 414 2
2438 381 2580 447 395

365 547 635 631 injuriis
664 543 967 622 afficitur,
999 544 1091 610 ad
1120 550 1407 609 mortem
1435 542 1891 609 voluntariam
1915 541 2299 625 compulsa.
2390 540 2575 621 Quae

364 650 594 733 palam
642 647 982 731 jactabat,
1021 667 1123 725 se,
1167 646 1346 732 qnod
1398 649 1690 712 immane
1727 647 2066 730 ingenium
2125 645 2578 729 probavisset,

365 751 800 829 elaborasse:
831 768 916 813 ne
944 770 1032 814 ex
1061 770 1144 815 eo
1173 750 1260 815 ad
1289 751 1565 815 humani
1587 731 1849 833 generis
1877 749 2237 837 perniciem
2271 748 2581 829 gravida·

364 860 571 919 retur.
658 854 725 919 9.
771 852 914 917 Hic
942 854 1178 918 morbo
1225 854 1693 932 subcutane0‚⁸
1747 871 1945 935 quem
1975 850 2091 915 diu
2123 851 2396 934 placide
2427 869 2577 933 per--

367 958 634 1033 tulerat,
663 959 905 1035 victus,
938 956 1170 1020 dolore
1191 954 1434 1021 ardens
1463 956 1988 1040 impatiensque,
2006 955 2237 1038 plures
2266 974 2305 1017 e
2335 959 2579 1017 senatu

367 1058 689 1124 extinxit.
780 1058 889 1123 10.
934 1054 1001 1121 A
1031 1060 1303 1140 reg-ibus
1345 1055 1576 1122 multis
1614 1077 1788 1142 pace
1818 1058 2105 1121 occultis
2149 1057 2583 1121 muneribus*

365 1160 747 1244 impetrata,
785 1159 1101 1245 jactabat
1164 1159 1394 1242 palam
1434 1160 1590 1242 plus
1641 1180 1713 1224 se
1772 1161 1918 1224 otio
1970 1158 2314 1242 adeptum,
2362 1177 2572 1242 quam

365 1262 571 1325 armis
612 1271 895 1326 ceteros.
982 1260 1093 1324 11.
1139 1260 1390 1325 Officia
1432 1280 1601 1325 sane
1632 1262 1909 1345 publica
1938 1270 2012 1325 et
2042 1261 2404 1344 palatina,¹·
2454 1280 2578 1324 nec

365 1383 499 1428 non
530 1365 792 1428 militiae
822 1365 890 1428 in
937 1381 1084 1428 eam
1131 1364 1416 1427 formam
1471 1365 1732 1442 statuit,
1760 1384 1912 1446 quae
1965 1364 2205 1449 paucis
2246 1382 2371 1446 per
2400 1361 2579 1426 Con-

367 1467 731 1530 stantinum
777 1465 1150 1531 immutatis
1180 1465 1381 1531 hodie
1429 1472 1891 1550 perseverant.
1982 1465 2091 1530 12.
2136 1463 2335 1529 Vixit
2366 1483 2581 1528 annos

366 1568 729 1651 sexaginta
768 1568 943 1633 duos
968 1578 1029 1630 ε*
1069 1568 1310 1632 dehinc
1356 1563 1729 1632 miserabili
1776 1553 1964 1632 exitu
2010 1572 2398 1631 consumtus
2448 1573 2579 1643 est,

1281 1717 1310 1736 Ι
1316 1714 1653 1737 comeo-'eoo

368 1797 494 1847 licet
514 1796 636 1846 alibi
663 1797 801 1848 illam
827 1813 1004 1849 vocem
1029 1799 1206 1860 legere
1224 1812 1328 1847 nou
1361 1797 1729 1847 meminerim.'
1759 1799 2035 1848 Arata—8
2066 1795 2323 1860 Accipitur
2362 1811 2455 1860 pro
2476 1799 2580 1862 offi-

366 1862 493 1911 citur
517 1863 708 1926 Delph.
734 1878 851 1926 quae
874 1879 994 1913 mox
1017 1879 1133 1913 cum
1157 1865 1358 1913 Schott.
1390 1863 1591 1912 Gaesb.
1630 1864 1821 1913 Pitisc.
1855 1863 1987 1926 legit
2025 1864 2260 1926 compulsa
2291 1867 2380 1912 est.
2447 1862 2579 1909 Tum

370 1928 492 1982 Quoe
509 1926 927 1991 palomjactabot‚
942 1944 1080 1991 quam
1102 1930 1307 1978 immane
1329 1927 1435 1988 ing.
1452 1928 1727 1990 pertulisset
1765 1928 1887 1977 Ald.
1920 1927 2129 1977 Schott.
2166 1926 2362 1976 Gaesb.
2386 1927 2581 1988 Delph-

367 1992 556 2042 Pitisc.
579 1992 828 2042 ‘Jaotabat
846 2008 918 2053 se,
941 1996 1062 2055 quod
1083 2026 1098 2041 .
1111 2025 1150 2042 ..
1169 1993 1481 2055 probavisset,
1502 1995 1589 2055 ξε.
1645 1994 1734 2043 Sic
1750 1991 2104 2056 Augustanus,
2122 1992 2217 2039 nisi
2236 1990 2373 2054 quod
2387 2006 2583 2053 persua·

366 2057 507 2106 sisset
529 2070 629 2105 uon
650 2058 945 2119 probavisset
961 2059 1138 2107 habuit
1153 2059 1310 2121 longe
1334 2059 1435 2106 alio
1458 2071 1646 2120 sensu:
1672 2067 1728 2107 et
1740 2057 2057 2106 Veronensis
2071 2056 2295 2118 gestabat
2317 2070 2409 2119 pro
2419 2057 2583 2115 jacta·

369 2121 469 2171 bat.
531 2120 659 2170 Vidi
682 2123 792 2186 qui,
828 2136 888 2170 ne
916 2136 1051 2172 exeo
1087 2123 1282 2172 humani
1311 2122 1503 2183 generis
1537 2123 1773 2185 pernicies
1800 2122 2161 2184 gravidaretur,
2202 2119 2583 2170 excusserunt?

369 2186 557 2236 δώσει.
610 2186 746 2234 Vide
765 2186 894 2236 Not.
919 2187 1106 2251 Delph.
1143 2188 1160 2215 ‘
1175 2188 1280 2236 Pro
1314 2187 1610 2248 probavisset
1630 2188 1786 2237 babet
1805 2185 2118 2250 perpavisset,
2139 2184 2190 2233 h.
2214 2199 2261 2233 e.
2291 2193 2583 2235 sustentas-

371 2257 471 2306 set,
493 2250 730 2310 aluisset,
749 2250 865 2300 cod.
889 2252 1038 2301 Leid.
1060 2260 1114 2301 et
1140 2252 1411 2315 placuerat
1429 2253 1653 2314 primum
1680 2250 1987 2311 Arntzeuio,
2011 2250 2122 2314 qui,
2139 2252 2401 2313 quomodo
2425 2264 2493 2299 ex
2518 2264 2581 2299 ea

366 2315 617 2380 lectione,
639 2318 805 2365 altera
822 2316 1116 2381 probavisset
1145 2317 1273 2367 oriri
1316 2317 1565 2378 potuerit,
1604 2317 1839 2379 pluribus
1878 2317 2052 2366 docet.
2116 2313 2295 2379 Atque
2322 2315 2497 2366 Klotz.
2528 2316 2581 2364 in

368 2381 594 2429 Miscell.
632 2382 767 2429 Crit.
791 2396 844 2444 p.
871 2385 957 2431 40.
1008 2382 1159 2432 unice
1196 2395 1370 2432 veram
1409 2396 1523 2430 esse
1566 2390 1717 2445 putat
1754 2382 1887 2431 hanc
1928 2382 2238 2431 lectionem:
2280 2393 2445 2445 neque
2480 2395 2582 2443 ego

368 2445 599 2495 arbitror
636 2443 982 2496 difficiliorem
1006 2447 1144 2496 illam
1167 2446 1446 2497 lectionem
1482 2455 1652 2496 ortum
1678 2446 1922 2497 debuisse
1952 2444 2193 2496 tarditati
2231 2444 2580 2498 librariorum.

367 2511 615 2574 Suspicor
636 2519 810 2562 tamen
833 2512 1105 2562 Victorem
1129 2514 1399 2576 scripsisse
1417 2513 1732 2576 perpavisset,
1746 2512 1795 2561 b.
1814 2527 1861 2561 e.
1884 2512 2131 2562 Sabinam
2151 2510 2300 2560 valde
2317 2512 2583 2575 metuisse,

366 2590 433 2625 ne
455 2577 734 2638 ingenium,
758 2577 922 2626 simile
943 2578 1125 2640 patris,
1151 2579 1393 2639 immane,
1416 2578 1665 2627 heredem
1691 2577 2024 2627 immanitatis
2043 2582 2295 2640 paternae,
2326 2577 2378 2624 in
2410 2578 2579 2626 lucem

368 2639 571 2697 ederet.
639 2641 894 2692 Arntzen.
910 2649 1084 2692 tamen
1106 2643 1249 2705 [cnm
1268 2644 1527 2707 omnen]
1555 2651 1738 2705 postea
1762 2644 2031 2706 amplexus
2053 2649 2134 2690 est
2157 2641 2436 2690 lectionem
2461 2641 2579 2705 plu·

369 2708 503 2755 rium
529 2707 766 2756 codicum
786 2707 1108 2770 probavisset?
1145 2708 1395 2759 Ham—9
1431 2708 1603 2757 Morbo
1624 2709 1982 2758 subterrataneo
2005 2705 2129 2757 Ald.
2159 2705 2362 2756 Sehott.
2384 2707 2583 2757 Gaesb.

371 2771 559 2834 Delph.
585 2771 772 2822 Pitisc.
796 2773 1114 2822 ‘Succutaneo
1136 2779 1359 2837 uterque
1384 2772 1532 2822 Leid.
1567 2772 1707 2835 [cum
1734 2774 1870 2822 Mss.
1890 2788 1975 2837 ap.
1999 2771 2231 2836 sobath]
2254 2779 2309 2820 et
2337 2772 2583 2834 placebat

369 2835 677 2885 Keachenio
694 2838 760 2887 ad
784 2837 1168 2890 sammonicum
1189 2853 1266 2887 vs.
1291 2841 1409 2888 ⁵01.
1474 2838 1580 2886 Sed
1605 2852 1708 2887 non
1728 2839 1881 2888 video
1905 2852 2136 2893 cansam,
2163 2849 2257 2886 cur
2290 2838 2341 2885 in
2366 2850 2581 2900 corrup·

369 2908 474 2949 tam
492 2902 768 2951 lectionem
792 2905 1090 2966 conspuent
1102 2905 1423 2953 Mss.arduus
1447 2903 1755 2965 retinentes,
1779 2919 1875 2967 pro
1897 2918 2000 2966 quo
2018 2904 2200 2951 melius
2219 2901 2351 2951 editi
2369 2900 2581 2951 ardens!

370 2964 555 3014 Arntz.
619 2967 750 3017 Mox
774 2982 868 3030 pro
889 2969 1124 3026 extinxit,
1148 2969 1304 3018 habet
1327 2966 1477 3018 Leid.
1495 2972 1543 3017 1.
1560 2969 1955 3028 interfecit.-10
1994 2967 2248 3017 Occultius
2270 2981 2366 3031 pro
2386 2966 2583 3016 occultis

368 3030 502 3078 Mss.
535 3046 617 3095 ap.
655 3033 866 3083 Schott.
902 3041 957 3081 et
993 3032 1174 3084 Guelf.
1209 3048 1295 3097 ap.
1335 3032 1650 3083 Arnim—ll
1693 3032 1936 3083 Palatinae
1958 3031 2081 3081 Ald.
2146 3032 2274 3080 Tum
2312 3036 2584 3094 perseverat

360 3092 575 3145 Schott.
597 3096 788 3146 Gaesb.
825 3097 1015 3162 Delph.
1043 3099 1230 3149 Pitisc.
1263 3107 1451 3148 contra
1483 3098 1620 3147 Mss.
1644 3113 1732 3162 ap.
1754 3098 1956 3149 Schott.
1982 3104 2038 3147 et
2061 3096 2248 3146 Arntz.
2278 3109 2343 3146 ac
2367 3094 2488 3145 Ald.
2525 3102 2582 3145 et

1358 3211 1578 3261 NOTAE

433 3309 455 3337 ¹
488 3302 793 3368 Elaborasse]
813 3307 994 3355 Malim
1012 3306 1319 3356 elaborasset.-
1348 3307 1433 3356 im·
1515 3307 1779 3371 Spartian-
1822 3313 1837 3335 ‘
1858 3305 2123 3370 Siquidem
2159 3304 2274 3366 ipse
2309 3309 2429 3367 post
2466 3303 2580 3352 Cae-

367 3385 472 3443 ing.
488 3382 779 3444 pertulisset,
796 3387 843 3431 et
865 3397 1007 3445 quam
1024 3382 1325 3433 elaborasset.
1368 3383 1429 3432 In
1513 3397 1679 3432 sarem
1725 3382 2073 3432 Octavianum
2118 3380 2382 3430 labantem
2423 3379 2579 3429 disci·

370 3458 502 3508 Mss.
533 3473 637 3522 quoe
668 3460 824 3520 palam
847 3457 1064 3518 jactabat
1094 3474 1163 3521 se,
1189 3460 1312 3520 quod
1342 3458 1430 3506 im·

368 3549 504 3584 mane
538 3534 784 3596 ingenium
819 3535 1134 3599 probavisset,
1169 3535 1434 3585 elaborasse

366 3613 546 3675 πῆξε.
577 3611 713 3677 quod
751 3612 899 3660 valde
936 3612 1160 3660 arridet:
1199 3626 1292 3674 pro
1329 3627 1432 3675 quo

367 3687 471 3750 legi
507 3694 681 3748 potest
702 3701 864 3753 quum,
883 3693 942 3736 ut
969 3686 1181 3751 propius
1210 3686 1433 3735 accedas

371 3762 437 3812 ad
463 3777 620 3826 quam.
851 3771 858 3778 ·

434 3846 454 3871 ⁸
492 3836 662 3887 Morbo
700 3830 982 3889 subcutaneo
1025 3835 1432 3902 [subtere-atomo]

371 3912 523 3978 Aqua
544 3914 824 3964 intercute.

432 3988 451 4021 ²
482 3987 530 4041 Α
553 3987 745 4049 regibus
762 3988 926 4038 multis
943 4003 1058 4052 paee
1072 4004 1141 4038 oc.
1157 3989 1248 4053 m.]
1277 3989 1451 4052 Spar-.

370 4063 498 4113 tian.
533 4066 549 4091 ‘
574 4063 803 4128 Regibus
837 4066 1014 4114 multis
1045 4066 1322 4128 plurimum
1343 4066 1433 4115 de-

368 4139 524 4198 talit;
559 4153 589 4187 a
624 4141 886 4207 plerisque
916 4154 1042 4191 vero
1064 4141 1223 4192 etiam
1247 4155 1434 4206 pacem

371 4214 635 4266 redemit!

438 4300 463 4327 ¹¹
508 4292 682 4360 Officia
722 4307 835 4345 sane
871 4293 1063 4358 publica
1102 4300 1151 4346 et
1192 4295 1434 4362 palatina]

1514 3460 1708 3522 pliuam
1765 3458 1963 3508 incuria
2012 3457 2337 3520 superiorum
2391 3456 2579 3519 princi-

1516 3551 1659 3602 pum,
1702 3535 1935 3598 retinuit,
1978 3533 2232 3583 ordinatis
2278 3541 2332 3582 et
2374 3531 2581 3594 officiis,

1515 3620 1571 3662 et
1611 3609 1922 3675 impendiis-³
1997 3609 2136 3663 Quid
2179 3616 2351 3659 autem
2397 3610 2580 3658 immu-

1514 3695 1680 3738 tatum
1728 3687 1796 3735 sit
1852 3686 1919 3735 ab
1973 3685 2242 3735 Hadriano
2300 3685 2366 3733 de
2422 3685 2578 3750 priori

1515 3761 1739 3825 Augusti
1774 3762 2101 3812 ordinatione
2138 3761 2279 3811 circa
2314 3758 2484 3809 officia
2523 3768 2581 3809 et

1516 3840 1810 3889 universam
1859 3836 2248 3899 rempublicam,
2293 3834 2579 3884 accuratis-

1515 3915 1641 3963 sime
1686 3930 1717 3963 a
1760 3913 2070 3978 peritissimo
2114 3912 2342 3961 historiae
2388 3911 2579 3960 Roma-

1515 4004 1597 4038 nae
1644 3990 1755 4040 viro
1793 3988 2081 4061 ‚Onuphrio
2114 3989 2351 4037 Panvino
2378 3989 2576 4036 dictum

1517 4073 1617 4116 est·

1578 4148 1605 4176 ³
1637 4139 1808 4190 Annos
1824 4139 2080 4202 sexaginta
2100 4137 2241 4202 duos]
2275 4141 2345 4191 Et
2378 4154 2579 4190 menses

1509 4217 1767 4286 quinque,
1788 4215 1900 4268 dies
1921 4216 2300 4267 novemdecim.
