3023 4942
663 417 761 466 nn
810 415 1020 467 vnus
1072 417 1580 470 muneramus
1630 419 1799 499 esp.
1847 423 2132 473 xxxvr.
2384 409 2514 476 147

1061 689 1298 757 ‘CAR
1358 690 1742 759 XXXVI.

1159 844 1437 904 nucius
1487 824 1670 905 Mus,

313 1023 751 1073 Aneuussn‘rum.
817 1022 1003 1074 Servos
1040 1037 1071 1072 a
1094 1022 1344 1086 Volsiniis
1378 1023 1738 1088 manumissos,
1760 1023 1811 1073 in
1844 1023 2040 1083 curiam
2074 1028 2255 1082 lectos,
2277 1032 2331 1075 et
2353 1024 2515 1075 domi-

381 1117 476 1151 nos
490 1103 862 1166 opprimentes,
876 1110 1109 1168 superat,
1129 1104 1181 1153 in
1204 1118 1417 1154 carcere
1434 1111 1610 1169 necet,
1628 1113 1717 1155 aut
1735 1106 1951 1156 dominis
1975 1107 2024 1156 in
2049 1107 2352 1157 servitutem
2373 1106 2522 1156 resti-

386 1183 488 1233 tuit
511 1184 703 1234 Decius
726 1184 867 1233 Mus·
966 1228 970 1231 .

401 1348 467 1411 1.
513 1347 929 1426 vom-nne
977 1348 1256 1415 Etruriae
1313 1347 1540 1422 nobile
1600 1350 1949 1434 oppidum,
2003 1350 2272 1416 luxuria
2322 1369 2518 1435 paene

313 1452 700 1534 perierunt..
759 1450 939 1516 Nam
982 1470 1135 1516 cum
1178 1458 1429 1516 temere
1473 1471 1708 1518 servos
1752 1455 2314 1529 manumitterent,
2358 1451 2516 1516 dein

251 1565 256 1566 ⁷
314 1554 387 1614 in
445 1554 702 1617 curiam
751 1553 1070 1635 legerent,
1121 1572 1455 1619 consensu
1514 1574 1742 1618 eorum
1798 1557 2132 1639 oppressi.
2234 1556 2299 1619 2.
2347 1554 2516 1619 Cum

315 1654 531 1720 multa
571 1656 849 1738 indigna
877 1660 1271 1738 paterentur,
1305 1655 1479 1736 clem
1514 1654 1758 1720 Romae
1803 1657 2130 1722 auxilium
2161 1657 2518 1742 petierunt.

315 1755 383 1819 3.
429 1756 826 1842 Missusque
865 1757 1125 1823 Decius
1163 1756 1369 1824 Mus}b
1412 1758 1768 1823 libertinos
1815 1768 2093 1823 omnes⁹
2132 1761 2346 1825 autin
2376 1776 2519 1823 car-

314 1876 467 1922 cere
494 1860 779 1939 necavit,
811 1866 925 1925 aut
954 1860 1241 1926 dominis
1269 1860 1341 1924 in
1374 1862 1769 1925 servitutem
1797 1862 2105 1926 restituit.

1245 2040 1333 2061 ‘00
1337 2041 1603 2063 “OOOOOO‘

367 2154 525 2216 CAP-
544 2167 747 2206 xxxvr.
799 2160 827 2206 1
859 2156 1068 2207 Volscim‘
1086 2156 1431 2220 opulentissimi
1455 2158 1766 2207 Etmcorum
1936 2156 1955 2203 a·
1986 2154 2086 2204 Ed.
2109 2169 2186 2219 pr.
2223 2162 2239 2183 ‘
2261 2155 2415 2205 Varie
2438 2156 2522 2207 bic

321 2219 535 2269 turbant
579 2221 709 2268 Mss.
750 2220 905 2270 codd.
965 2222 1154 2272 Vulsini
1194 2222 1352 2272 Fran.
1392 2228 1447 2270 et
1485 2221 1690 2279 Boend,
1810 2221 1952 2269 olsini
1973 2220 2206 2269 Gramm.
2281 2220 2527 2271 Vol-schini

318 2284 495 2333 Haun.
571 2284 814 2335 Volusct‘ni
849 2286 994 2335 Leid-
1016 2291 1065 2336 1.
1103 2287 1306 2335 Romeni
1339 2285 1487 2336 Leid.
1521 2285 1592 2335 2!
1624 2285 1801 2335 Arntz.
1870 2286 1997 2333 Mox
2033 2286 2164 2333 Mss.
2197 2298 2287 2346 ap.
2325 2286 2523 2335 Schott.

313 2350 480 2411 periit.
547 2350 817 2399 Praeterea
848 2353 961 2399 dum
988 2351 1043 2399 in
1066 2351 1249 2400 cur-ium
1286 2351 1383 2399 Ed.
1408 2366 1487 2414 pr.
1521 2351 1641 2401 Ald.
1677 2353 1693 2377 ⁸
1721 2349 1947 2413 Antiqua
1975 2350 2150 2405 lectio,
2178 2348 2289 2398 dein
2323 2352 2523 2413 curium,

320 2413 458 2463 unde
493 2411 594 2477 feci
628 2416 738 2463 dein
760 2416 810 2464 in
832 2416 1033 2464 curiam.
1098 2415 1410 2479 Praepositio
1435 2416 1625 2463 omissa
1646 2415 1780 2479 quod
1817 2422 2161 2479 repeteretur.
2226 2413 2280 2461 Si
2306 2415 2419 2478 quis
2445 2423 2522 2463 ta-

316 2494 439 2529 men
464 2479 624 2542 legat,
642 2482 755 2529 dum
776 2486 950 2530 temere
969 2495 1124 2531 servos
1140 2481 1667 2542 manumitterent‚dum
1686 2479 1738 2528 in
1757 2479 1959 2544 curiam,
1981 2477 2138 2531 facile
2156 2479 2346 2541 patior.
2393 2481 2524 2529 Mox

316 2559 544 2594 consensu
564 2559 723 2593 eorum
745 2560 809 2594 ex
834 2546 1013 2594 iisdem
1037 2544 1377 2609 scripsimus!
1407 2544 1597 2595 Schott.
1653 2547 1892 2595 consensu
1913 2558 2152 2594 servorum
2176 2543 2274 2592 Ed.
2299 2558 2377 2606 pr.
2401 2545 2523 2593 ΑΜ.

318 2613 416 2657 -2
450 2609 602 2657 Leid.
626 2613 672 2658 l.
704 2610 920 2669 indigne.
985 2610 1140 2660 Roma
1171 2608 1295 2660 Ald.
1329 2611 1531 2660 Schott.
1572 2609 1771 2660 Gaesb.
1816 2610 2009 2671 Delph.
2047 2609 2233 2657 Pitisc.
2269 2606 2525 2660 Arna.—

313 2672 358 2721 ‘3‘
374 2674 555 2723 Decius
575 2675 781 2724 Murena
801 2675 901 2723 Ed.
926 2688 1002 2737 pr.
1047 2676 1117 2725 D.
1136 2676 1343 2725 Murena
1363 2691 1476 2725 mox
1499 2674 1621 2725 Ald.
1662 2675 1885 2723 Muraena
1899 2674 2100 2739 Gryph.
2142 2672 2299 2722 Delet
2317 2673 2527 2723 Murena

321 2738 553 2787 Gramm.
586 2747 641 2786 et
676 2739 809 2788 Ven.
877 2740 1029 2799 Solus
1077 2739 1230 2789 Fran.
1268 2741 1445 2790 Decius
1481 2740 1616 2788 Mus.
1653 2739 1855 2788 Schotr.
1891 2739 1960 2788 G.
1995 2740 2064 2788 D.
2096 2738 2162 2787 Ρ.
2203 2739 2380 2787 Decius
2409 2740 2526 2788 Mun

318 2817 427 2851 mox
446 2803 531 2852 zib.
554 2818 677 2852 omn.
699 2805 955 2866 superavit,
971 2804 1026 2851 in
1040 2819 1224 2855 carcere
1240 2805 1446 2866 necavit,
1466 2810 1571 2854 aut.
1621 2800 1804 2852 Arntz.
1833 2804 1896 2851 D.
1919 2803 1998 2851 Μ.
2021 2818 2132 2852 mox
2153 2801 2238 2852 zib.
2275 2809 2290 2832 ‘
2305 2803 2451 2853 Leid.
2473 2808 2525 2853 2.

320 2872 404 2915 out
425 2866 479 2916 in
498 2883 607 2917 arce
627 2883 784 2918 omnes
802 2873 887 2917 aut
906 2870 959 2917 in
978 2882 1194 2928 carcere5
1231 2884 1295 2918 ex
1329 2870 1477 2933 cujus
1507 2869 1738 2931 vestigiis
1775 2866 1999 2919 fortasse
2019 2867 2136 2917 fieri
2159 2877 2338 2931 posset
2368 2883 2524 2917 omues

253 2990 254 2993 Ἴ
319 2937 404 2999 out
425 2932 480 2982 in
500 2933 619 2996 acie,
639 2938 723 2982 aut
743 2935 798 2983 in
816 2947 1001 2984 carcere
1021 2935 1204 2984 necavit
1225 2940 1312 2985 aut
1329 2933 1554 3000 dominis,
1574 2931 1673 2998 8)·σέ
1705 2931 1886 2982 Arntz.

1318 3092 1534 3145 NOTAE

386 3215 410 3241 ⁸
438 3207 666 3271 Volsinii]
697 3209 714 3237 ‘
733 3209 982 3260 Volseinii
1004 3209 1382 3274 opulentissimi
1460 3210 1618 3260 imum
1644 3208 1918 3272 Gurgitem
1953 3207 2158 3257 missum
2183 3206 2342 3256 fuisse
2366 3204 2429 3254 A.
2453 3205 2525 3254 U.

321 3284 725 3337 Etruseorumt'
759 3287 941 3337 Florus
963 3287 1057 3338 lib.
1074 3301 1113 3338 ι.
1132 3290 1273 3344 ο.21.
1308 3285 1381 3336 11-
1462 3287 1525 3336 C.
1543 3289 1660 3334 488.
1696 3299 1820 3348 ergo
1853 3291 1911 3334 et
1942 3282 2074 3333 falsa
2109 3291 2193 3333 est
2225 3281 2411 3346 capitis
2447 3282 2522 3330 in-

325 3360 429 3410 lum
456 3359 593 3411 vide.
1462 3361 1702 3424 scriptio.
2428 3402 2431 3405 ,

386 3434 410 3468 ¹²
442 3436 716 3501 Missusque
736 3438 917 3487 Decius
942 3435 1084 3500 Mus]
1117 3437 1273 3487 Unde
1295 3437 1381 3488 hic
1525 3444 1548 3471 ο
1579 3437 1860 3488 Libertinos
1891 3437 2075 3501 omnes]
2112 3434 2294 3484 Posuit
2326 3432 2525 3482 liberti-

324 3526 470 3562 error
502 3515 709 3577 nesci03
754 3530 871 3564 nam
907 3521 1110 3565 certum
1154 3522 1236 3563 est
1278 3528 1381 3564 non
1464 3528 1560 3563 nos
1581 3528 1678 3579 pro
1701 3513 1915 3575 libertis„
1943 3513 2018 3564 sic
2052 3520 2109 3564 et
2142 3511 2333 3562 alicubi
2369 3510 2526 3559 Plau-

326 3588 547 3640 Decium
565 3589 791 3653 Murem,
807 3590 899 3640 sed
916 3590 983 3642 Q.
1002 3589 1217 3640 Fabium
1231 3582 1382 3640 Max·
1466 3597 1570 3641 tus.
