3023 4942
509 352 641 420 272

508 514 777 578 demum
805 513 1182 600 fortunatas
1208 514 1405 576 urbes
1436 512 1601 590 fore,
1643 513 1704 576 si
1752 532 1954 594 regna
1987 513 2345 596 sapientiae
2374 514 2564 580 sint.¹3
2646 516 2709 579 4.

507 614 816 698 Denique
841 615 1050 693 anniS,
1093 615 1342 698 quibus
1376 615 1654 698 publica
1685 615 1847 697 egit,
1891 613 2186 696 viginti‚¹¹
2230 616 2412 680 idem
2439 620 2711 696 mansit,

506 718 847 781 celebrato
898 715 1254 797 magnifice
1304 716 1515 782 Urbis
1561 714 2123 799 nongentesimo.i
2226 720 2292 782 5.
2341 718 2501 783 Nisi
2544 720 2712 785 forte

506 819 984 902 triumphorum
1014 824 1374 901 expertem,
1401 818 1734 882 socordiae
1754 819 2046 883 videtur:
2073 820 2256 902 quod
2289 820 2485 901 longe
2509 842 2711 886 secus

507 925 636 997 est3
669 940 818 984 cnm
867 919 1086 1003 majus
1132 918 1316 984 haud
1369 918 1571 982 dubie
1630 921 1739 997 sit,
1770 939 1988 1003 neque
2021 940 2408 1004 quenquam
2444 923 2711 987 turbare

508 1018 798 1085 ausumlt
847 1022 1246 1104 composita,
1295 1040 1516 1104 neque
1572 1022 1800 1103 ipsum
1857 1023 2255 1088 ostentandi
2305 1024 2415 1087 sui
2461 1022 2712 1088 bellum

506 1123 756 1187 fecisse
788 1123 1039 1206 quietis
1085 1123 1411 1204 gentibus.
1497 1123 1562 1187 6.
1612 1120 1796 1200 Quin
1842 1124 2045 1188 etiam
2092 1125 2392 1191 maribus
2435 1123 2710 1189 frustra-

507 1233 641 1305 tus,
671 1225 827 1291 filiae
859 1221 1042 1291 viro¹
1085 1224 1485 1308 reipublicae
1510 1225 1976 1294 consultavit!

1107 369 1337 437 SRXT!
1389 369 1719 418 AURELn
1770 370 2122 419 VICTORIS

572 1399 600 1424 ⁸
637 1389 885 1440 Consuluit
903 1388 1174 1452 reipublice
1189 1403 1278 1453 per
1296 1388 1657 1453 mritumfilioe
1676 1403 1792 1438 Μ.

1428 1527 1799 1553 “bocetum“

507 1639 542 1686 4
585 1635 831 1749 feletan-ato
863 1649 991 1698 mag.
1034 1633 1175 1683 Vide
1198 1634 1328 1683 Not.
1353 1633 1645 1698 Deum-⁵
1666 1633 1823 1682 Malit
1854 1631 2097 1696 Sylburg.
2121 1633 2466 1697 triumphorum
2501 1647 2599 1684 esse
2631 1647 2711 1683 ea·-

505 1716 592 1764 per
615 1716 706 1752 εηι.
2660 1742 2664 1747 .

1507 1776 1721 1828 NOTAE

503 1877 523 1907 ‘
550 1891 645 1941 per
666 1878 865 1939 legatos
901 1890 1017 1925 snos
1053 1876 1272 1939 plurima
1294 1876 1431 1925 bella
1456 1890 1569 1939 ges-

504 1953 593 2002 sit.
659 1953 796 2002 Nam
831 1958 886 2002 et
919 1952 1200 2002 Britannos
1233 1967 1325 2016 per
1349 1953 1569 2002 Lollium

509 2029 763 2079 Urbicum
806 2030 1034 2091 legatum
1084 2030 1227 2090 vicit,
1272 2030 1373 2079 alio
1424 2044 1571 2079 muro

505 2105 772 2168 cespititio
808 2105 1074 2154 summotis
1107 2105 1340 2154 barbaris
1377 2104 1573 2165 dueto;

509 2188 567 2231 et
610 2182 823 2229 Mauros
865 2180 929 2228 ad
975 2194 1156 2243 pacem
1207 2180 1569 2243 postulandam

508 2255 717 2319 coegit3
767 2266 821 2306 et
863 2257 1150 2306 Germanos
1195 2264 1252 2305 et
1295 2256 1471 2305 Dacos
1515 2262 1571 2304 et

507 2333 699 2382 multas
733 2342 947 2395 gentes:
985 2338 1140 2396 atque
1159 2331 1375 2382 Judaeos
1402 2330 1570 2380 rebel·

505 2410 674 2458 lantes
698 2409 934 2458 contudit
955 2423 1048 2473 per
1073 2408 1339 2471 praesides,
1358 2417 1412 2457 et
1430 2409 1569 2470 lega-

505 2485 626 2536 tos.’
660 2485 730 2534 Et
755 2487 977 2536 Pausan.
1003 2487 1055 2534 in
1081 2485 1387 2536 Arcadicis:
1425 2493 1442 2515 ‘
1462 2485 1570 2535 An·

506 2561 715 2626 toninns
739 2559 919 2623 prior‚’
954 2560 1134 2624 inquit,
1160 2561 1176 2587 ‘
1196 2561 1336 2612 ultro
1361 2560 1569 2623 quidem

506 2635 699 2687 bellum
723 2635 914 2684 nemini
933 2650 1158 2699 unquam
1181 2635 1382 2685 intulit:
1406 2636 1570 2684 laces-

505 2712 635 2761 situs
659 2726 782 2761 vero
806 2712 976 2760 hostes
1000 2711 1147 2759 valde
1174 2712 1386 2773 repulit,
1405 2720 1461 2759 et
1485 2726 1569 2759 res

507 2801 721 2850 magnas
745 2785 939 2849 gessit-⁹
1004 2786 1172 2835 Caute
1197 2787 1355 2850 igitur
1374 2786 1568 2848 accipi·

507 2864 673 2913 endus
710 2872 788 2912 est
820 2864 1008 2912 Victor
1021 2879 1039 2920 ;
1077 2868 1132 2911 et
1170 2876 1234 2911 ex
1272 2862 1570 2925 Capitolino

506 2947 562 2988 et
584 2939 842 2988 Pausania
868 2937 1206 3001 exponendus
1231 2935 1397 2986 infra:
1425 2939 1440 2966 ‘
1464 2938 1569 2986 Ne-

508 3029 610 3077 que
643 3028 934 3079 quenquam
968 3015 1183 3063 turbare
1220 3026 1396 3062 ausum
1430 3029 1569 3063 com·

507 3085 699 3154 posita,
721 3104 888 3152 neque
914 3088 1120 3151 ipsum,'
1142 3092 1242 3139 διο.

571 3164 591 3200 ¹
618 3165 873 3228 Absoluta]
918 3164 1185 3216 Perfecta.

570 3251 599 3286 8
628 3242 686 3292 Si
712 3258 864 3304 regna
889 3242 1142 3305 sapientire
1158 3242 1281 3305 sint]
1315 3243 1437 3292 Hoc
1468 3248 1570 3299 est,

505 3328 523 3351 ⁶
547 3319 594 3369 si
628 3320 892 3382 sapientes
927 3325 1126 3367 tantum
1162 3317 1417 3382 regnent-⁹
1481 3318 1572 3373 Al-

505 3395 641 3447 ludit
676 3395 740 3444 ad
780 3396 942 3444 divini
980 3396 1216 3445 Platonis
1253 3398 1571 3445 sententiam

502 3472 596 3522 lib.
627 3485 681 3520 v.
711 3471 776 3520 de
811 3471 1022 3533 Repnb.
1057 3471 1124 3520 de
1161 3487 1262 3540 qpa
1297 3474 1482 3522 Cicero
1516 3473 1570 3522 in
1607 3511 1608 3514 η

503 3547 740 3609 Epistola
768 3546 834 3595 ad
867 3547 1115 3598 Quintum
1147 3546 1388 3597 fratrem:
1425 3548 1442 3575 ‘
1468 3547 1571 3596 Ille

506 3622 715 3687 quidem
746 3623 988 3686 princeps
1020 3624 1214 3687 ingenii
1235 3634 1290 3672 et
1313 3625 1570 3673 doctrinm

507 3700 686 3754 Plato,
710 3709 817 3747 tum
850 3698 1073 3763 denique
1108 3698 1220 3748 fore
1254 3698 1435 3750 beatas
1462 3714 1570 3748 res-

506 3776 745 3839 publicas
778 3776 1001 3840 putavit,
1019 3777 1063 3823 si
1088 3785 1178 3825 aut
1200 3776 1358 3831 docti.
1381 3784 1472 3824 aut
1493 3791 1573 3824 sa·

508 3852 712 3915 pientes
724 3850 954 3900 homines
969 3865 1057 3899 eas
1070 3866 1250 3913 regere
1266 3853 1571 3915 coepissent3

508 3934 597 3976 aut
619 3927 707 3991 qui
730 3933 992 3989 regerent,
1010 3941 1162 3975 omne
1181 3941 1329 3976 sunm
1346 3929 1576 3977 studium

508 4002 564 4054 in
587 4002 825 4053 doctrina
843 4018 905 4052 ae
926 4002 1183 4066 sapientia
1201 4004 1576 4055 collocassent?

1654 1874 2000 1938 Capitolinus,
2014 1888 2114 1933 non
2132 1874 2199 1923 de
2220 1873 2478 1923 Antonino
2494 1874 2611 1937 Pio,
2624 1874 2711 1923 sed

1650 1950 1718 1997 de
1744 1949 2009 1998 Antonino
2039 1948 2372 2011 philosopho:
2408 1956 2423 1978 ⁸
2445 1949 2712 1998 Sententia

1650 2016 1889 2075 Platonis
1912 2042 2116 2089 semper
2140 2028 2191 2075 in
2216 2042 2306 2075 ore
2330 2027 2467 2075 illius
2485 2025 2605 2086 fuit,
2624 2025 2711 2075 flo-

1653 2117 1768 2151 rere
1799 2104 2063 2166 civitates,
2097 2104 2139 2151 si
2174 2110 2265 2151 siit
2302 2103 2591 2165 philosophi
2624 2103 2711 2150 im·

1652 2186 1920 2242 per-arent,
1960 2186 2050 2228 aut
2091 2178 2445 2240 Imperatores
2492 2178 2713 2241 pbiloso-

1652 2255 1971 2320 phau-entur!

1716 2330 1741 2364 ¹¹
1774 2332 1949 2388 Annis,
1970 2333 2139 2396 quibus
2156 2331 2347 2396 publica
2367 2331 2489 2394 egit,
2510 2331 2713 2396 viginti]

1652 2406 1801 2457 Infra
1835 2416 2009 2458 tamen
2044 2409 2096 2457 in
2129 2409 2356 2473 Epitom.
2378 2409 2559 2457 Victor
2583 2410 2717 2458 alter

1651 2484 1726 2533 ait
1748 2498 1993 2547 regnasse
2019 2484 2337 2534 Antoninum
2365 2484 2511 2532 annis
2546 2496 2719 2534 xxm.

1650 2572 1750 2606 nee
1788 2560 1943 2623 longe
1990 2574 2021 2608 a
2067 2574 2187 2609 vero
2230 2561 2427 2622 distat3
2480 2561 2721 2624 regnavit

1650 2636 1785 2683 enim
1818 2651 1901 2685 an.
1926 2648 2077 2685 xxu.
2110 2649 2313 2684 menses
2346 2642 2567 2698 septem,
2604 2637 2717 2685 dies

1652 2710 1835 2774 viginti
1874 2727 1997 2762 sex:
2038 2712 2270 2776 quamvis
2307 2720 2543 2774 pugnant
2577 2719 2719 2761 vete-

1652 2803 1765 2838 rum
1791 2789 2086 2838 sententias.

1729 2864 1744 2899 ¹
1768 2865 2016 2914 Celebrato
2047 2866 2298 2929 magnifice
2335 2865 2482 2914 Urbis
2509 2881 2717 2929 nongen-

1650 2942 1837 3005 tesimo]
1870 2942 2115 2990 Privatus
2148 2956 2273 3004 ergo
2302 2943 2460 2992 Urbis
2489 2957 2717 3007 nongen-

1651 3018 1887 3066 tesimum
1911 3016 2183 3080 magnifice
2205 3017 2509 3067 celebravit.
2545 3018 2719 3067 Aliter

1652 3100 1828 3142 tamen
1860 3092 1947 3142 hie
1981 3093 2193 3154 Victor;
2236 3091 2376 3157 quod
2412 3093 2715 3158 ridiculnmz

1654 3184 1790 3219 anno
1824 3170 1959 3218 enim
1993 3170 2152 3219 Urbis
2178 3174 2293 3219 910.
2315 3170 2587 3232 imperium
2610 3186 2732 3220 sus·-

1652 3247 1795 3308 cepit
1825 3245 2152 3308 Antoninns;
2185 3246 2278 3295 sed
2314 3244 2489 3295 forsan
2522 3246 2715 3310 aliquid

1653 3319 1936 3369 turbatum.
2541 3329 2545 3333 ·

1717 3393 1742 3427 ¹¹
1775 3396 1947 3457 Neque
1991 3410 2255 3459 quenquam
2297 3395 2491 3445 turbare
2531 3395 2714 3458 ausum]

1650 3471 1729 3521 At.
1760 3472 2037 3522 turbarunt
2069 3472 2251 3531 multi3
2284 3471 2376 3519 sed
2413 3472 2589 3520 statim
2622 3485 2716 3534 per

1653 3549 1853 3610 legatos
1900 3546 2205 3609 compressi,
2241 3561 2493 3610 nusquam
2536 3554 2715 3609 postea

1645 3623 1991 3685 *rebellarunn
2056 3622 2195 3673 Vide
2217 3636 2375 3687 supra
2387 3624 2509 3685 jug-i
2527 3638 2642 3686 pace
2661 3637 2714 3671 ac

1652 3700 1794 3760 longo
1821 3699 1938 3747 otio.

1718 3775 1734 3808 ¹
1766 3775 1909 3824 Filiae
1930 3775 2060 3838 viro]
2082 3774 2300 3825 Aurelio
2318 3774 2586 3825 Antonino
2605 3773 2712 3839 phi-

1652 3852 1891 3915 losopho,
1906 3866 2058 3914 quem
2073 3850 2192 3902 filim
2207 3865 2313 3902 suae
2330 3852 2595 3902 Faustinae
2611 3866 2711 3901 ma·

1656 3927 1813 3978 ritum
1835 3927 2074 3979 dederam
2411 3925 2414 3928 ’
2475 3921 2478 3930 ’
