3023 4942
442 399 577 466 1148
1046 412 1277 464 sssxrr
1325 413 1654 463 sumum
1703 413 2056 464 viui-oms

442 580 485 624 a
513 562 853 627 tricesimo
905 561 1195 639 tertium,
1233 559 1587 644 imperium
1636 561 2016 625 committit.
2104 560 2172 623 4.
2218 559 2382 627 Fuit
2429 568 2650 627 autem

442 662 814 730 Gratianus
846 664 1063 728 literis
1103 662 1283 729 haud
1332 661 1760 726 mediocriter
1799 663 2192 728 institutus:
2240 682 2511 727 carmen
2553 665 2650 727 fa*-

442 786 626 844 cere‚
660 774 887 831 ornate
916 765 1125 850 loqui,
1157 764 1498 849 explicare
1529 765 2031 829 controversias
2061 765 2397 829 rhetorum
2427 785 2653 845 ωσι-ες

444 871 613 934 nihil
644 870 826 935 aliud
842 870 953 935 die
972 876 1313 954 noctuque
1337 888 1561 952 agere,
1584 888 1789 950 quam
1817 868 2107 951 spiculis
2125 868 2454 947 meditari,
2474 888 2652 931 sum-

440 991 710 1055 maeque
741 973 1106 1056 voluptatis
1135 973 1522 1056 divinaeque
1555 972 1721 1036 artis
1759 971 2036 1036 eredere
2076 971 2267 1037 ferire
2299 972 2654 1035 destinata.

442 1076 513 1139 5.
558 1075 821 1140 Parcus
852 1077 987 1139 eibi
1018 1076 1410 1159 somnique3
1457 1075 1680 1140 etvini
1704 1095 1787 1140 ae
1808 1074 2108 1139 libidinis
2137 1074 2405 1155 victor3
2453 1092 2662 1139 cunc·.

442 1177 667 1262 risque
698 1178 933 1244 fuisset
961 1179 1199 1263 plenus
1231 1179 1453 1256 bonis,
1485 1179 1546 1242 si
1575 1177 1661 1241 ad
1694 1178 2239 1261 cognoscendam
2268 1176 2658 1261 reipublicae

442 1280 751 1362 gerendae
782 1281 1139 1347 scientiam
1172 1281 1470 1367 animum
1515 1281 1935 1360 intendisset,
1968 1301 2012 1346 a
2041 1276 2214 1364 quak
2256 1299 2467 1364 prope
2495 1280 2654 1344 alie-

440 1401 571 1446 nus
598 1403 738 1447 non
766 1385 968 1450 modo
994 1386 1359 1462 voluntate,
1383 1383 1502 1448 sed
1533 1383 1742 1449 etiam
1766 1383 2101 1448 exercitio
2128 1382 2285 1449 fuit.
2372 1382 2443 1447 6.
2477 1382 2658 1447 Nam

444 1484 609 1550 dum
655 1488 1032 1553 exercitum
1077 1488 1458 1570 negligeret,
1487 1492 1556 1551 et
1599 1503 1859 1569 paucos
1902 1505 1994 1550 ex
2027 1485 2298 1563 AlaniS,
2340 1503 2516 1567 quos
2561 1486 2665 1551 in-

441 1590 617 1670 genti
650 1609 816 1655 auro
848 1590 940 1656 ad
985 1610 1060 1655 se
1088 1591 1538 1666 transtulerat,
1571 1590 1928 1654 anteferret
1966 1590 2183 1653 veteri
2220 1607 2301 1652 ac
2342 1587 2663 1668 Romano

437 1689 663 1768 militi,
682 1690 989 1774 adeoque
1016 1692 1450 1756 barbarorum
1472 1690 1802 1756 comitatu
1826 1697 1894 1756 et
1917 1710 2135 1775 prope
2158 1691 2662 1773 amicitiacapi·

438 1787 587 1869 tur,¹
617 1798 693 1856 ut
720 1811 1193 1877 nonnunquam
1223 1793 1461 1857 eodem
1490 1793 1726 1858 habitu
1758 1794 1885 1859 iter
1926 1793 2203 1869 faceret,
2236 1793 2395 1858 odia
2426 1799 2668 1860 contra

441 1911 521 1957 se
551 1894 839 1958 militum
871 1896 1225 1960 excitavit.
1289 1897 1354 1960 7.
1387 1895 1550 1960 Hoc
1581 1902 1879 1979 tempore
1901 1915 2058 1961 cum
2091 1894 2449 1959 Maximus
2480 1893 2666 1977 apud

441 1995 925 2064 Britanniamm
972 1997 1382 2081 tyrannidem
1426 1998 1847 2081 arripuisset,
1890 2005 1959 2064 et
1997 1997 2069 2062 in
2098 1997 2398 2062 Galliam
2448 2003 2668 2061 trans-

441 2097 777 2173 misisset,
827 2099 916 2162 ab
968 2100 1243 2164 infensis
1272 2098 1604 2165 Gratiano
1648 2100 2034 2182 legionibus
2082 2105 2444 2181 exceptus,
2494 2097 2667 2162 Gra-

437 2200 700 2265 tianum
758 2200 1044 2285 fugavit,
1101 2223 1228 2269 nee
1284 2222 1479 2269 mora
1553 2202 1896 2284 extinxit3
1924 2210 1956 2238 ¹²
2030 2201 2151 2287 qui
2215 2201 2387 2273 vixit
2420 2220 2665 2285 vannos

441 2308 714 2367 xxix.⁰

1364 2404 1488 2425 ‘eoo
1492 2399 1733 2425 &temet

437 2499 637 2561 degenti
677 2500 882 2552 Schott.
924 2503 1121 2554 Gaesb.
1165 2505 1362 2571 Delph.
1408 2507 1700 2557 Pitise.--4
1738 2505 2055 2555 Comi-aversa
2094 2505 2340 2554 rhetorum
2374 2505 2671 2554 veronens.

394 2602 397 2603 γ
442 2565 643 2628 cujacii
667 2575 722 2616 et
746 2567 938 2617 Pithoei
966 2570 1096 2618 Μαι.
1121 2577 1177 2620 et
1199 2570 1380 2621 Guelt'.
1404 2582 1542 2622 teste
1570 2571 1752 2621 Arntz.
1817 2572 1946 2620 Mox
1980 2571 2174 2620 credere
2192 2570 2351 2630 ser-ire
2382 2570 2543 2633 perite
2572 2571 2669 2618 sibi

438 2631 702 2689 destinata,
723 2632 925 2695 cibique,
945 2634 1048 2683 vini
1066 2651 1123 2684 ac
1143 2635 1282 2685 libid.
1307 2637 1428 2685 Ald.
1467 2639 1658 2686 credere
1668 2637 1826 2696 ferire
1846 2635 2030 2699 [perite
2050 2635 2169 2697 sibi]
2188 2636 2446 2684 destinata.
2483 2635 2671 2683 Parcus

442 2695 652 2744 Sebott.
670 2695 869 2746 Gaesb.
892 2699 1090 2761 Delpb.
1115 2700 1301 2750 Pitise.
1335 2703 1530 2750 ‘Totus
1564 2702 1649 2750 hie
1682 2702 1829 2750 locus
1865 2701 1916 2748 in
1940 2699 2247 2761 quibusdam
2272 2700 2482 2761 legitur,
2505 2698 2669 2758 ser-ire

436 2760 700 2821 destinata,
721 2762 906 2829 cibique
940 2764 1044 2813 vini
1077 2780 1134 2813 ac
1172 2766 1390 2815 libidinis
1422 2767 1610 2816 victor:
1642 2766 1913 2828 cunctisque
1944 2765 2286 2825 (Veronensis
2308 2763 2520 2825 cunctis)
2543 2769 2671 2812 esset

432 2825 619 2887 plenus,
632 2825 678 2872 si
695 2829 758 2874 ad
775 2831 1141 2887 cognoscendam
1155 2846 1176 2887 ,-
1209 2840 1264 2878 ut
1283 2831 1453 2881 absint
1468 2845 1640 2895 parcus
1658 2831 1896 2893 somnique
1913 2837 1969 2878 et
1987 2830 2138 2879 bonis.
2186 2830 2249 2878 In
2274 2845 2422 2892 seqq.
2443 2832 2670 2888 regende

441 2896 525 2938 est
546 2890 598 2936 iu
623 2890 750 2938 Μαι.
771 2893 858 2955 qui
886 2900 942 2943 et
962 2895 1236 2955 neglegeret
1260 2905 1484 2958 quatuor
1505 2912 1533 2945 e
1552 2896 1785 2944 disertim
1810 2896 2031 2958 pingunt
2052 2910 2069 2956 ς
2103 2901 2161 2943 ut
2184 2892 2319 2943 infra
2352 2907 2472 2956 cap.
2502 2908 2614 2956 seq.
2637 2896 2665 2957 §

441 2956 497 3002 2.
540 2953 910 3016 intellegamus!
943 2958 1241 3009 Schott.—5
1275 2961 1483 3010 ‘Priori
1532 2961 1764 3008 membro
1809 2959 1880 3007 nil
1925 2962 2127 3008 variant
2172 2960 2303 3007 Mss.
2343 2967 2397 3007 et
2447 2958 2667 3007 Paullus

440 3018 717 3068 Diaeouus
742 3036 758 3069 ε
811 3020 904 3070 sed
943 3036 1040 3086 pro
1077 3027 1322 3087 ger-ende,
1353 3028 1578 3087 regendae
1607 3023 1884 3075 Guelferb.
1931 3033 1987 3073 et
2024 3034 2187 3074 totam
2231 3039 2410 3073 vocem
2455 3024 2666 3084 ignorat

439 3081 595 3131 Leid.
626 3084 694 3134 2:
736 3084 1011 3137 Arata—6
1049 3090 1312 3149 Caper-elur
1353 3105 1448 3153 pro
1500 3090 1693 3154 capitur
1743 3091 1891 3139 malit
1931 3090 2179 3154 Sylburg.
2245 3089 2370 3152 Capi
2412 3088 2539 3137 Mss.
2582 3104 2668 3152 ap.

440 3146 731 3198 Arum—7
764 3150 847 3199 Aa
872 3151 1187 3204 Britanniam
1220 3154 1401 3204 Guelf.
1463 3156 1598 3204 Tum
1644 3155 1769 3204 Ald.
1814 3154 1957 3203 annis
2001 3156 2120 3204 XX
2125 3155 2271 3204 VIX.
2309 3159 2325 3182 ‘
2348 3155 2666 3203 Veronensis

445 3213 722 3262 XXVIII.
756 3216 853 3263 nisi
891 3232 1167 3276 operarum
1203 3220 1404 3271 incuria
1440 3221 1514 3271 X.
1544 3222 1743 3281 signum
1781 3219 2097 3269 decussatim
2135 3221 2356 3284 positum
2396 3219 2662 3267 omissum.

437 3276 573 3354 M⁸.⁸'
594 3279 697 3327 duo
723 3280 1086 3331 XXXVIIII.
1121 3284 1173 3333 id
1210 3294 1312 3343 est,
1336 3287 1545 3346 triginta
1580 3301 1764 3335 novem.
1832 3285 2034 3347 Cujacii
2060 3300 2183 3333 vero
2207 3285 2504 3346 exemplum
2531 3285 2665 3335 auti-

439 3343 746 3409 qurssimum
783 3344 998 3397 denario
1033 3349 1200 3398 miuus
1243 3350 1481 3401 XXIX?
1515 3352 1719 3400 Schott.
1788 3348 1999 3399 ‘Guelfi
2038 3350 2316 3401 XXXIX.
2363 3349 2450 3399 ubi
2491 3358 2664 3397 tamen

443 3408 590 3470 prior
611 3421 858 3458 numerus
885 3410 960 3460 X.
986 3413 1200 3462 inducta
1226 3415 1363 3465 linea
1385 3416 1693 3464 delebatur:
1733 3414 1867 3463 unde
1898 3423 1950 3463 et
1986 3414 2205 3465 XXIX.
2243 3415 2424 3464 scribit
2443 3414 2593 3463 Leid.
2612 3419 2661 3462 2.

442 3470 795 3536 corrumpere
820 3476 992 3537 potuit
1014 3477 1257 3528 librarius
1284 3481 1356 3529 X.
1380 3496 1475 3543 pro
1503 3480 1563 3531 V.
1586 3489 1643 3529 ut
1668 3480 1904 3543 posuerit
1929 3480 2151 3529 XXIX.
2173 3494 2288 3529 curn
2313 3495 2427 3529 esse
2447 3479 2665 3530 deberet

444 3537 661 3589 XXIV.
685 3538 809 3589 nihil
832 3538 1165 3607 facitiu⁸‚nec
1187 3554 1366 3595 tamen
1389 3547 1666 3610 quiequam
1693 3543 2024 3610 pronuntio.’·
2043 3545 2248 3606 Arata„

441 3723 501 3799 iu
525 3703 784 3797 balena..
1420 3747 1429 3753 “
1464 3674 1865 3805 No'nfanm
1882 3757 2098 3807 XXIX.
2124 3756 2292 3819 [anna
2309 3754 2667 3818 xxxV111.]

507 3821 535 3857 ¹¹
568 3826 614 3873 A
640 3827 758 3890 qua]
793 3827 1044 3881 Selentia.
1594 3830 1669 3882 At
1723 3834 1985 3898 quomodo
2042 3834 2233 3883 vixisse
2286 3835 2458 3898 potuit
2518 3833 2663 3881 aunis

511 3901 527 3935 ¹
562 3903 791 3969 Capitur]
820 3906 1061 3959 Scribere
1095 3909 1345 3973 debebat,
1372 3927 1515 3976 eape-
1597 3908 1937 3961 XXXVIII.
1972 3909 2014 3959 si
2054 3910 2292 3972 regnavit
2332 3916 2533 3959 tautum
2580 3924 2662 3956 an.

443 3983 615 4037 few?
651 3989 712 4031 ut
754 3996 914 4046 supra
972 3984 1338 4050 ‘negligeretl
1404 3989 1516 4038 Ve·
1596 3998 1721 4036 xvr.
1770 3984 1980 4049 fuitque
2026 3985 2252 4034 noudum
2288 3985 2445 4049 plane
2498 3984 2663 4047 puber

443 4068 559 4121 rum
581 4055 657 4104 sie
679 4057 814 4108 solet
835 4059 921 4110 bie
943 4068 1145 4111 auctor.
1593 4061 1895 4126 Imperator
1919 4070 2153 4118 creatus.
2174 4069 2236 4111 ut
2264 4075 2427 4124 supra
2448 4058 2662 4111 auctor?

511 4138 548 4164 '¹‘
585 4132 842 4184 Maximus
873 4140 999 4200 apud
1013 4137 1179 4201 Brit.]
1210 4138 1369 4189 Anno
1389 4141 1516 4192 ulti·
1595 4138 1662 4188 In
1708 4138 1986 4189 annalibus
2026 4138 2263 4200 reperies
2304 4152 2427 4189 eum
2470 4137 2661 4188 vixisse

445 4219 533 4259 no
554 4206 766 4270 imperii
786 4212 1048 4263 Gratiani.
1597 4216 1747 4266 aunis
1779 4222 1987 4267 tantum
2014 4214 2229 4265 XXIV.

456 4322 463 4329 .
511 4291 540 4327 ⁸
575 4285 839 4352 Extiuxir]
871 4290 1047 4356 Prope
1071 4290 1401 4355 Lugdunum.
1467 4323 1475 4333 ·
