3023 4942
465 343 555 407 74
1068 359 1296 408 sexrl
1348 359 1674 408 ananau
1724 359 2078 408 vic-roms

467 513 575 569 tos
605 502 945 568 Amulium
978 525 1193 587 regem
1223 505 1553 569 Faustulo
1598 523 1791 569 servo
1833 504 2174 568 necandos
2206 503 2507 569 dedisse:
2552 504 2674 569 sed

465 627 615 670 eum
648 627 689 670 a
719 606 1077 671 Numitore
1107 615 1485 682 exoratum,
1515 626 1602 671 ne
1632 607 1819 689 pueri
1860 614 2275 684 necarentur,
2304 605 2516 674 Accae
2543 609 2676 674 La-

464 709 700 774 rentiae
730 711 965 775 amicae
994 731 1141 774 suae
1171 711 1557 775 nutriendos
1589 709 1904 790 dedisse3
1952 729 2151 793 quam
2183 711 2549 792 mulierem,
2582 731 2668 776 eo

465 812 646 894 quod
679 814 905 895 pretio
943 832 1192 896 corpus
1237 821 1420 877 esset
1452 813 1721 894 vulgare
1772 813 2005 888 solita,
2057 812 2318 895 Lupam
2369 813 2674 878 dictumst

463 914 527 978 2.
577 915 834 979 Notum
869 917 1145 1002 quippe,
1173 918 1268 980 ita
1295 917 1621 1001 appellari
1668 918 1987 980 mulieres
2016 925 2352 1000 quaestum
2390 936 2672 999 corpore

465 1018 832 1083 facientes:
883 1020 1057 1083 unde
1088 1029 1157 1083 et
1188 1018 1519 1102 eJusmodi
1550 1019 1712 1093 loci,
1740 1019 1810 1081 in
1843 1020 2094 1102 quibus
2134 1018 2243 1081 hae
2274 1019 2674 1096 consistunt,

414 1172 417 1175 .
463 1118 848 1203 Lupanaria
881 1121 1088 1185 dicta.
1179 1120 1348 1184 Cum
1381 1141 1539 1185 vero
1573 1121 1765 1204 pueri
1796 1121 2100 1185 liberalis
2146 1121 2527 1203 disciplinae
2560 1141 2672 1185 ca-

463 1242 677 1303 paces
706 1223 866 1287 facti
898 1230 1156 1301 essent,
1189 1223 1428 1287 Gabiis
1460 1210 1857 1288 Graecarum
1892 1223 2414 1306 Latinarumque
2444 1224 2671 1288 litera-

462 1343 606 1386 rum
630 1332 652 1359 Γ
678 1325 1182 1389 ediscendarum
1211 1328 1422 1406 gratia
1452 1335 1939 1401 commoratoS,
1959 1325 2307 1388 Numitore
2332 1346 2460 1389 avo
2490 1326 2669 1391 clam

463 1427 689 1489 omnia
720 1428 1295 1492 subministrante.
1380 1428 1447 1492 3.
1480 1428 1721 1511 Itaque
1758 1436 1832 1490 nt
1866 1428 2146 1510 primum
2178 1427 2668 1500 adolevissent,

463 1525 859 1605 Romulum,
909 1529 1156 1593 indicio
1189 1529 1572 1593 educatoris
1614 1529 1931 1592 Faustuli
1981 1536 2350 1611 comperto,
2382 1529 2499 1612 qui
2541 1530 2672 1594 sibi

463 1646 652 1705 avuS,
686 1651 839 1712 quae
871 1639 1083 1694 mater
1111 1631 1374 1707 fuisset,
1410 1630 1713 1714 quidque
1746 1631 1831 1693 de
1870 1650 1953 1693 ea
1982 1632 2238 1694 factum
2275 1639 2481 1705 esset,
2514 1645 2670 1698 cum

465 1733 740 1795 armatis
779 1733 1169 1815 pastoribus
1196 1732 1445 1797 Albam
1487 1734 1797 1817 protinus
1829 1734 2235 1816 perrexisse,
2282 1735 2671 1798 interfecto-

464 1852 595 1915 que
614 1832 892 1897 Amulio
919 1834 1342 1899 Numitorem
1373 1855 1578 1900 avum
1606 1836 1674 1897 in
1705 1855 1975 1918 regnum
1995 1835 2398 1900 restitutum.
2441 1838 2502 1900 4.
2530 1835 2670 1900 Ro-

462 1935 716 1999 mulum
777 1950 1002 2001 autem
1079 1959 1121 2002 a
1188 1940 1429 2002 virium
1487 1939 1946 2021 magnitudine
2003 1939 2441 2022 appellatum,
2512 1957 2669 2002 nam

463 2036 712 2102 Graeca
738 2039 968 2120 lingua
1007 2041 1204 2126 ῥωμὴν
1223 2039 1520 2103 virtutem
1546 2040 1682 2104 dici
1715 2048 1965 2105 certum
1998 2050 2140 2121 est3
2185 2041 2474 2104 alterum
2506 2058 2669 2104 vero

464 2138 750 2204 Remum
777 2141 1055 2219 dictum,
1089 2140 1402 2205 videlicet
1425 2161 1468 2205 a
1507 2142 1865 2206 tarditate:
1911 2143 2168 2226 quippe
2222 2141 2379 2205 talis
2403 2149 2666 2206 naturae

460 2242 759 2307 homines
792 2245 878 2307 ab
910 2246 1209 2327 antiquis
1255 2249 1278 2279 ‘
1300 2231 1628 2309 Remores
1650 2243 1668 2268 '
1711 2244 1925 2309 dicti.·

1382 2391 1530 2410 ΜΟ
1534 2391 1679 2410 OO‘N
1685 2391 1706 2408 Ι
1712 2391 1743 2410 0

527 2473 662 2523 CAP.
694 2487 816 2536 xxr.
882 2479 912 2523 2
950 2476 965 2503 ‘
986 2474 1128 2526 Quid
1152 2476 1196 2523 si
1219 2473 1304 2524 hic
1327 2490 1422 2538 pro
1447 2475 1542 2536 hae,
1566 2477 1827 2539 legeretur
1849 2475 1986 2522 nudae
2006 2471 2305 2523 consistunt?
2334 2478 2392 2520 ut
2418 2470 2670 2534 respiciat

462 2552 657 2587 morem
694 2541 1060 2590 meretricibus
1099 2542 1149 2588 in
1187 2542 1423 2602 lupanari
1450 2543 1735 2604 proprium,
1766 2549 1819 2588 ut
1844 2541 2036 2586 nudum
2066 2552 2249 2600 corpus
2272 2538 2670 2601 prostituerent,

461 2619 565 2666 quo
605 2601 807 2653 facilius
842 2605 1186 2667 petulantium
1218 2604 1481 2653 libidinem
1522 2604 2140 2654 excitarent.’Arntz.—-3
2168 2609 2183 2631 ‘
2210 2603 2440 2657 Qnisibi.
2494 2602 2668 2650 Vellet
2708 2627 2714 2631 >

462 2669 645 2731 aliquis
683 2684 746 2717 ex
783 2673 1021 2733 sequenti
1058 2671 1215 2718 litera
1240 2672 1519 2718 restituere
1541 2671 1647 2733 quis
1665 2670 1777 2719 sibi.
1841 2669 1945 2717 Sed
1979 2667 2120 2717 aliud
2153 2671 2338 2716 suadet
2366 2668 2555 2730 linguae
2577 2680 2669 2730 ge·

463 2732 613 2782 nius.'
629 2735 803 2784 Arata.
870 2736 1021 2798 Mox,
1041 2737 1210 2799 quidve
1226 2749 1322 2799 pro
1337 2735 1541 2798 quidque
1566 2737 1768 2784 Sebott.
1794 2734 1988 2799 Delph.

1462 2866 1677 2916 NOTAE

525 2965 552 2999 1²
593 2958 834 3023 Valerius]
868 2960 1103 3009 Valerius
1126 2959 1332 3018 Antias,
1350 2976 1535 3024 supra.⁸
1674 2969 1694 2995 ¹·
1716 2961 1997 3011 Graecarum
2008 2957 2382 3019 Latinarumque
2397 2955 2670 3019 literarum]

526 3043 552 3078 ‘1
587 3036 769 3099 Lupum
788 3034 991 3097 dictam]
1041 3036 1157 3086 Liv.
1177 3037 1266 3086 lib.
1294 3052 1332 3087 1.
1357 3040 1372 3067 ‘
1390 3038 1527 3087 Sunt
1609 3039 1805 3089 Contra
1828 3040 1894 3086 al.
1914 3037 2194 3099 scriptores
2216 3049 2306 3084 eos
2336 3036 2386 3082 in
2410 3034 2668 3083 montibus

463 3113 551 3176 qni
599 3113 889 3161 Larentiam
935 3114 1145 3175 vulgato
1184 3128 1404 3177 corpore
1449 3116 1522 3163 ln·
1605 3116 1856 3165 educatos
1881 3113 2117 3162 tradunt.
2184 3111 2306 3159 Vid.
2330 3112 2438 3161 [air.
2462 3126 2503 3159 1.
2525 3114 2577 3162 4.

461 3203 579 3251 pam
612 3189 753 3237 inter
788 3195 1026 3251 pastores
1056 3197 1296 3238 vocatam
1322 3198 1526 3256 putent,
1668 3200 1687 3226 ⁸
1720 3192 1950 3240 Remores
1974 3186 2119 3250 dicti]
2155 3188 2200 3235 A
2227 3186 2547 3236 remorando.
2579 3185 2669 3235 In·

458 3266 583 3316 inde
628 3268 796 3316 locum
828 3262 1021 3315 fabulae
1054 3280 1116 3315 ac
1153 3266 1401 3316 miraculo
1433 3266 1522 3315 da·
1605 3268 1674 3317 de
1696 3279 1748 3316 et
1774 3282 1895 3316 aves
1917 3279 2146 3315 remores
2169 3263 2347 3326 dictae,
2367 3278 2484 3328 quae
2506 3263 2667 3326 impe·

462 3340 610 3391 tum?
1584 3343 1840 3403 olebant,
1865 3341 2277 3391 remorabantur.

1298 3629 1513 3695 CAP.
1569 3625 1838 3693 XXII.

516 3764 946 3815 Anconam-un.
1016 3766 1292 3828 Lupercal.
1351 3763 1514 3813 Fabii.
1579 3762 1838 3816 Quintilii.
1899 3758 2171 3813 Quomodo
2196 3758 2429 3808 Amulius
2450 3756 2616 3807 fuerit

704 3860 1008 3909 oppressus,
1030 3860 1096 3894 ex
1123 3846 1253 3895 libro
1278 3843 1671 3907 pontificalium.
1736 3841 2096 3904 Manipulares
2116 3839 2254 3889 unde
2276 3839 2425 3887 dicti.

547 3945 610 4008 1.
655 3943 934 4009 Ier'rUR
966 3944 1166 4021 actiS,
1197 3953 1351 4026 quae
1387 3957 1604 4025 supra·
1629 3940 1949 4014 diximuS,
2000 3946 2086 4003 et>
2111 3958 2185 4003 re
2217 3938 2446 4002 divina
2477 3936 2665 4001 facta

1386 4082 1441 4102 θ’
1448 4082 1745 4103 OOOOOOOO

528 4169 665 4219 Cu.
688 4178 832 4216 xxn.
905 4169 924 4211 1
951 4166 1020 4213 Et
1043 4172 1166 4215 ante
1188 4178 1240 4213 re
1265 4165 1368 4215 del.
1387 4164 1589 4215 Schott.
1616 4164 1811 4216 Gaesb.
1835 4163 2024 4230 Delph-
2053 4162 2239 4215 Pitisc.
2262 4161 2448 4211 Arntz.
2515 4160 2662 4216 Mox,

463 4234 582 4285 vide
607 4243 718 4284 not.
747 4231 937 4295 Delpb.
959 4228 1052 4279 inf.
