3023 4942
2390 397 2522 465 145

309 549 562 618 bellum
593 549 925 616 Romanis
953 552 1214 619 intulit.
1292 552 2063 627 Laevinum.consulemf
2084 555 2265 641 apud
2295 556 2543 645 Hera-x

310 657 574 721 cleam⁸
618 654 1133 737 elephantorum
1180 656 1477 720 novitate
1521 659 1835 722 turbavit.
1923 660 1987 722 4.
2034 658 2341 743 Cumque
2380 660 2524 727 Ro-

312 777 550 822 manos
580 757 883 821 adversis
916 757 1302 822 vulneribus
1340 761 1611 824 occisos
1642 761 1918 837 videret,
1951 762 2120 843 Ego,
2150 764 2391 846 inquit,
2425 772 2522 830 ta-

311 859 491 924 libus
535 858 859 922 militibus
902 858 1086 923 brevi
1132 859 1359 924 orbem
1402 867 1728 927 terrarum
1771 863 2078 945 subigere
2123 865 2519 948 potuissem.

309 964 378 1026 5.
402 962 667 1026 Amicis
690 960 1201 1043 gratulantibus,
1222 959 1413 1040 Quid
1436 964 1597 1027 mihi
1624 983 1775 1028 cum
1797 964 1919 1030 tali
1941 967 2245 1042 victoria,
2280 968 2522 1051 inquit,

313 1065 430 1128 ubi
460 1064 798 1128 exercitus
838 1064 1043 1127 robur
1082 1064 1454 1130 amittam?
1523 1065 1589 1131 6.
1636 1065 1751 1129 Ad
1785 1067 2182 1133 vicesimum
2214 1069 2300 1132 ab
2335 1069 2522 1134 Urbe

310 1164 613 1247 lapidem
659 1170 883 1228 castra
926 1164 1192 1247 posuit:
1243 1166 1558 1249 captivos
1608 1167 1922 1233 Fabricio
1967 1172 2174 1250 gratis
2218 1171 2526 1236 reddidit.

309 1267 375 1330 7.
421 1263 597 1330 Viso
641 1265 903 1331 Laevini
944 1264 1303 1343 exercitu,¹¹
1342 1269 1626 1334 eandem
1669 1272 1798 1335 sibi
1843 1269 1975 1336 aiti
2015 1272 2340 1336 adversus
2381 1271 2525 1337 Ro-

308 1386 573 1445 manoS,
605 1388 803 1450 quam
844 1366 1134 1432 Herculi
1174 1368 1499 1434 adversus
1539 1368 1866 1454 hydram,k
1911 1371 2124 1437 fuisse
2164 1373 2522 1438 fortunam.

303 1470 373 1535 8.
416 1468 488 1535 Α
535 1469 739 1534 Curio
776 1475 854 1535 -et
901 1469 1217 1538 Fabricio
1260 1469 1656 1554 superatus)
1701 1472 2065 1537 Tarentum
2113 1475 2394 1558 refugit3
2452 1475 2526 1538 in

306 1573 614 1638 Siciliam
656 1571 983 1658 trajecit.¹¹¹
1063 1574 1131 1639 9.
1179 1572 1350 1638 Mox
1390 1574 1458 1637 in
1501 1573 1774 1639 Italiam
1809 1575 2121 1640 Locros¹²
2158 1596 2526 1660 regressus,

303 1676 666 1759 pecuniam
707 1674 1131 1758 Proserpinae
1173 1675 1460 1740 avehere
1501 1678 1802 1743 tentavit.
1891 1676 2030 1742 Sed
2059 1697 2145 1743 ea
2170 1678 2524 1761 naufragio

707 406 807 457 DE
854 405 1062 456 VIRIS
1099 406 1630 457 lbhus'rmnus
1677 409 1845 458 cAP.
1891 408 2151 495 XXXV:

1238 1839 1614 1864 ΝΝΟῸΟΟΟΝΟ

296 1937 444 2001 juria
465 1945 747 2001 exceptos3
770 1938 857 2001 qui
880 1938 1067 1988 dei-ude
1088 1939 1348 2002 Pyrrhum
1367 1940 1418 1990 in
1436 1941 1682 1990 auxilium
1706 1939 2005 1991 vocabant?
2034 1941 2186 1991 Harl.
2251 1941 2526 1996 Loevinium

302 2003 406 2052 Ed.
424 2019 504 2067 pr.
521 2005 649 2053 Mss.
672 2018 755 2066 ap·
777 2004 984 2056 Schott.
1000 2012 1053 2054 et
1074 2006 1225 2055 Leid.
1243 2010 1287 2054 1.
1310 2020 1396 2067 ap.
1414 2005 1598 2056 Arntz.
1645 2006 1779 2056 Tum
1801 2007 2048 2056 Emzeam
2068 2007 2167 2055 Ed.
2191 2022 2272 2072 pr.
2308 2008 2526 2057 Hereum

303 2069 444 2117 Mss.
469 2084 555 2131 ap.
577 2068 779 2117 Schott.
782 2073 878 2117 —4
926 2068 1058 2120 Viris
1081 2085 1175 2134 pro
1197 2070 1433 2119 militibus
1457 2069 2531 2134 Aid.Schott.Gaesb.De1p11.Piusc.et

297 2133 463 2181 subire
489 2148 583 2197 pro
599 2133 819 2195 subigere
840 2142 970 2183 vett.
994 2136 1123 2185 libb.
1126 2141 1222 2183 -——5
1252 2136 1381 2192 Quia
1402 2136 1525 2184 milei
1560 2135 1708 2186 Leid.
1730 2140 1877 2186 2.--7
1910 2136 2121 2186 Loevinii
2143 2137 2240 2186 Ed.
2266 2151 2344 2200 pr.
2381 2138 2524 2187 ‘Ain

309 2198 380 2247 Ut
403 2150 555 2247 Leipd.
586 2202 633 2248 l.
684 2203 769 2248 aut
802 2200 952 2249 Leid.
974 2204 1024 2249 2.
1059 2208 1115 2250 et
1142 2205 1353 2249 omniuo
1382 2200 1531 2249 delet
1559 2202 1717 2249 Fran.
1784 2199 1888 2249 Adi
1914 2217 2029 2264 uqae
2055 2202 2287 2251 dicemus
2313 2201 2376 2249 ad
2401 2216 2522 2264 cap.

297 2262 405 2313 733
437 2264 613 2313 Arntz.
614 2268 712 2311 —8
748 2264 967 2312 Fabritio
992 2266 1091 2313 Ed.
1121 2280 1203 2326 pr.
1270 2265 1397 2313 Mox
1428 2265 1651 2325 confugit
1678 2265 1886 2328 quidam
1912 2281 1996 2327 ap.
2018 2268 2216 2315 Schott.
2286 2265 2522 2327 Profugit

201 2355 204 2358 η
300 2327 408 2376 Ed.
432 2342 511 2391 pr.
544 2328 692 2376 Leid.
714 2332 764 2376 2.
788 2335 841 2378 et
865 2329 1040 2378 Haun.
1106 2331 1235 2377 Tum
1257 2330 1535 2392 Sylburgio
1556 2330 1835 2392 legendum
1861 2330 2070 2378 videtur
2091 2331 2202 2379 inde
2223 2331 2274 2377 ιἰι
2298 2330 2523 2379 Siciliam

301 2391 513 2452 trqiecit.
579 2392 643 2442 Ιιι
667 2392 780 2442 aliis
804 2394 995 2456 legitur
1017 2393 1205 2453 trqyicit
1209 2398 1321 2442 .-9
1346 2393 1676 2455 conjiciebat
1701 2394 1903 2443 Schott.
1939 2410 2051 2442 mox
2073 2395 2126 2442 in
2149 2395 2327 2443 Italiae.
2374 2395 2522 2455 ‘-Ag

293 2471 498 2518 gressus
523 2456 729 2507 Boeud.
753 2466 812 2506 ut
837 2459 938 2522 legi
965 2466 1140 2522 posset
1158 2459 1219 2506 In
1242 2458 1391 2507 Italia
1402 2458 1584 2508 Locros
1604 2474 1894 2522 aggressus.-
1917 2460 2007 2507 sed
2035 2459 2159 2509 nihil
2185 2458 2522 2509 mutandum)

299 2523 479 2574 Amtz.
561 2524 691 2572 Mox
730 2522 922 2584 auferre
966 2525 1216 2588 temptavit
1258 2525 1356 2572 Ed.
1403 2538 1481 2589 pr·
1537 2526 1552 2552 ‘
1574 2525 1614 2577 Ι
1618 2524 2521 2583 ιειιΙ.2.αι41ῑιἰἰ·ε.1ῑί·ιιιι.1ιαὸειι·ιι.

1301 2670 1523 2721 NOTAE

297 2766 503 2817 oraculi
528 2781 628 2815 vox
661 2773 762 2816 est.
830 2744 1088 2817 Pacuvius
1122 2768 1175 2818 iu
1208 2782 1375 2818 armo·
1447 2782 1551 2832 gue
1575 2752 1799 2817 Lernaeo
1826 2774 1906 2817 tot
1928 2781 2064 2817 caesa
2086 2766 2309 2820 hostium
2344 2766 2523 2830 capita

297 2856 414 2891 rum
443 2840 649 2904 judicio
674 2857 687 2888 ε
719 2843 734 2869 ⁴
754 2839 974 2904 Apertae
1013 2841 1159 2892 fatur
1194 2843 1375 2904 dictio,
1446 2845 1514 2894 de
1540 2846 1791 2907 sauguine
1815 2859 1909 2893 suo
1934 2849 2298 2893 renascuntur.
2301 2841 2314 2863 ’

298 2920 346 2967 si
383 2916 691 2981 intenigns.’
757 2919 927 2969 Dictio
956 2919 1153 2982 Apertae
1191 2934 1374 2969 oracu-
1510 2918 1536 2954 k
1569 2919 1822 2984 Hydram]
1859 2919 1957 2968 Cui
1980 2934 2085 2968 uno
2109 2919 2176 2969 de
2197 2926 2409 2968 ceritum
2430 2931 2518 2966 ca-

297 2997 406 3045 lum
444 2993 704 3058 Apollinis
739 2996 828 3058 qui
861 2995 1045 3060 Aperta
1086 2995 1376 3047 dicebatur.

301 3072 453 3122 Idem
473 3073 527 3121 in
545 3073 831 3123 Duloreste
850 3088 864 3121 ι
890 3073 1022 3122 ‘Sed
1047 3072 1275 3122 incertat
1294 3086 1377 3122 me

304 3148 487 3210 dictio,
508 3140 628 3214 quin
653 3163 759 3197 rem
783 3148 1011 3211 expedi.'

366 3225 656 3275 ιἸιιειπίιιιιιι
693 3225 953 3288 consulem]
1003 3223 1154 3276 Auno
1196 3226 1375 3277 mundi

305 3305 456 3351 36⁷⁰.
478 3309 601 3349 ante
624 3301 685 3350 C.
711 3300 781 3349 N·
802 3304 920 3350 278.
941 3300 1007 3351 A.
1030 3301 1100 3350 U.
1126 3302 1188 3351 C.
1211 3306 1328 3351 473.

362 3385 392 3422 ε
424 3376 571 3440 Apud
593 3377 904 3440 Heracleam]
941 3377 1125 3426 Florus
1147 3377 1240 3427 lib.
1263 3392 1302 3429 ι.
1324 3392 1372 3427 c.

304 3456 385 3504 18.
418 3460 434 3481 ‘
455 3452 609 3515 Apud
637 3454 952 3502 Heracleam
978 3460 1032 3502 et
1053 3452 1267 3503 fluvium
1292 3455 1373 3505 Si-

301 3530 417 3591 rim,
457 3530 670 3578 Laeviuo
693 3530 927 3587 consule,
963 3529 1128 3593 prima
1161 3529 1375 3594 pugna,'

298 3609 401 3657 dte.
469 3605 734 3657 Heraclea
765 3606 885 3655 urbs
916 3607 969 3655 iu
1004 3607 1197 3655 extima
1222 3615 1373 3670 parte

300 3681 499 3745 Italiae,
542 3681 628 3731 cui
669 3682 881 3746 Maguae
918 3683 1148 3734 Graeciae
1186 3697 1374 3732 nomen

295 3766 404 3807 Ost.

1446 2996 1639 3058 pitibus
1661 3003 1954 3059 amputato,
1972 2994 2076 3044 duo
2090 2994 2517 3089 renascebantur.

1447 3071 1581 3121 Hoec
1603 3077 1728 3119 nota
1750 3078 1888 3127 suut.

1510 3146 1526 3180 ¹
1556 3147 1604 3198 A
1633 3149 1782 3197 Curio
1797 3154 1842 3196 et
1865 3145 2090 3197 Fabricio
2106 3146 2382 3217 superatus]
2421 3136 2515 3196 At·

1443 3223 1534 3289 qui
1570 3223 1786 3284 collegoe
1827 3217 1928 3270 nou
1948 3218 2112 3270 fuere
2146 3220 2413 3270 Fabricius
2459 3228 2518 3271 et

1444 3299 1652 3349 Curius.
1692 3299 1792 3348 Ille
1810 3296 1989 3348 consul
2008 3295 2112 3345 fuit
2128 3297 2193 3346 A.
2217 3296 2286 3347 U.
2309 3296 2371 3346 C.
2396 3300 2516 3346 475.

1443 3376 1646 3437 collega
1669 3374 1738 3426 Q.
1768 3373 1969 3422 AEmilio
1992 3374 2162 3436 Papo.
2217 3372 2320 3422 Hie
2342 3382 2516 3433 amem

1443 3467 1491 3501 a.
1532 3455 1649 3501 478.
1689 3452 1889 3514 collega
1908 3449 1972 3498 1..
1994 3448 2237 3498 Cornelio
2269 3448 2516 3498 Lentulo.

1443 3529 1550 3579 Sed
1570 3530 1681 3579 lioec
1706 3543 1807 3577 nou
1831 3529 1905 3577 ita
1924 3525 2401 3589 suutacclpieudn
2424 3540 2517 3576 ne-

1445 3620 1551 3671 que
1576 3620 1638 3655 es
1662 3605 1728 3654 de
1752 3603 1941 3654 eodem
1974 3610 2212 3667 tempore
2235 3604 2369 3651 dixit
2399 3617 2520 3652 nos-

1446 3689 1530 3732 ter
1558 3681 1816 3731 Aurelius.
1882 3680 2141 3745 Pyrrbum
2166 3689 2221 3729 et
2246 3680 2514 3730 Fabricius

1438 3764 1494 3808 e't
1537 3760 1726 3809 Curius
1761 3765 2111 3821 superarunt3
2161 3758 2252 3805 sed
2292 3757 2513 3807 diversis

366 3832 393 3867 Β
434 3832 551 3884 Viso
588 3833 780 3883 Loevini
814 3831 1055 3894 exercitu]
1083 3831 1257 3881 Immo
1283 3832 1366 3880 vel
1438 3835 1786 3898 temporibus,
1809 3847 1919 3883 suo
1916 3834 2122 3882 scilicet
2134 3823 2366 3916 quisque
2391 3845 2512 3882 con·

303 3909 541 3973 Fabricii,
561 3912 645 3960 vel
668 3910 810 3961 Curii
833 3910 1056 3959 Dentati.
1126 3909 1369 3958 Loevinus

301 3987 439 4036 euim
463 3987 625 4037 semel
647 4002 765 4037 cum
783 3985 988 4050 Pyrrho
1012 4001 1218 4035 manum
1245 3996 1369 4034 con-

309 4064 489 4114 seruit.

1441 3911 1650 4035 ‘quanin
1691 3986 1910 4039 Siciliam
1955 3984 2170 4048 truJecit]
2228 3986 2511 4048 Postquam

1443 4078 1561 4113 cum
1589 4062 1829 4112 Fabricio
1851 4064 2135 4124 pugnatum
2167 4071 2267 4116 est,
2289 4067 2343 4108 et
2368 4067 2514 4109 ante-

366 4138 383 4173 ¹
414 4141 633 4188 Eandem
653 4139 749 4187 sibi
768 4138 867 4201 ait]
902 4139 1042 4189 Flor.
1060 4139 1176 4188 loco
1197 4152 1367 4200 supra.
1439 4154 1594 4204 quiam
1619 4154 1735 4188 cum
1759 4139 1917 4188 Curio
1944 4144 2213 4199 pugnaret.

303 4216 320 4242 ‘
346 4215 514 4264 Video
533 4214 656 4277 me,'
686 4216 871 4279 inquit,
901 4218 920 4244 ⁴
947 4216 1100 4278 plane
1124 4216 1370 4265 Herculis

310 4288 478 4340 sidere
506 4298 857 4354 procreatum,
880 4291 962 4339 cui
995 4291 1138 4357 quasi
1173 4291 1243 4341 ab
1282 4304 1370 4339 au-

435 4371 613 4435 Delph.
631 4378 681 4420 et
710 4372 826 4423 Var.
853 4372 984 4422 clas.

1508 4223 1535 4250 ¹¹
1566 4214 1763 4278 Locros]
1799 4214 1862 4264 Iu
1887 4214 2081 4277 Magna
2105 4212 2332 4262 Graecia.

1291 4371 1418 4422 Aur.
1446 4372 1575 4423 Vict.
2323 4368 2374 4429 K,
2394 4396 2435 4436 f·
