3023 4942
2418 379 2550 445 22¹7

341 535 498 614 fuit,
519 543 678 621 post
707 537 903 623 cujus
935 535 1221 617 caedem,
1251 537 1560 603 collectis
1582 538 1908 622 reliquiis,
1940 539 2008 603 in
2039 539 2302 625 Syriam
2321 541 2548 609 rediit.

340 641 414 705 2.
462 640 776 726 Osacem,
807 640 1248 724 praefectum⁸
1289 641 1564 722 regium,
1618 641 1802 724 apud
1855 640 2222 707 Orontemb
2269 644 2549 710 fluvium

340 744 721 828 supera-vit.
808 743 875 808 3.
909 738 1113 821 Dei'n,
1145 743 1326 827 quod
1353 742 1644 808 coemtis
1688 743 1993 827 Syriacis
2046 748 2377 811 mercibus
2424 747 2548 812 foe-

340 848 629 912 dissime
659 847 1141 929 negotiaretur,
1174 845 1478 928 Caryota
1508 846 2022 928 cognominatus
2051 855 2204 913 est.c
2289 850 2357 912 4.
2401 850 2551 914 Tri-

338 953 561 1015 bunus
593 949 815 1033 plebis
845 949 1190 1014 Caesarem
1219 951 1662 1034 oppugnavit.
1750 952 1813 1013 5.
1868 951 2064 1015 Bello
2116 951 2301 1016 civili
2347 951 2547 1016 Pom-

337 1054 566 1137 peium
619 1050 898 1133 secutus
941 1054 1145 1119 classi
1204 1054 1501 1137 praesuit.
1592 1051 1659 1117 A
1706 1052 1981 1119 Caesare
2042 1055 2298 1119 veniam
2359 1073 2546 1118 acce-

336 1158 483 1240 pit;
528 1163 746 1221 tamen
777 1157 1096 1223 adversus
1148 1177 1303 1222 eum
1355 1155 1839 1241 conjurationis
1886 1163 2117 1222 auctor
2148 1177 2300 1220 cum
2333 1155 2550 1219 Bruto

336 1257 489 1335 fnit,
520 1264 584 1322 et
614 1259 681 1322 in
712 1259 901 1323 caede
929 1259 1266 1325 dubitanti
1300 1258 1593 1337 cuidam,
1610 1258 1750 1324 Vel
1779 1279 1897 1346 per
1926 1280 2057 1338 mc,
2076 1260 2326 1343 iuquit,·
2347 1259 2499 1323 seri:
2521 1255 2550 1293 ‘¹

335 1379 719 1445 magnoque
754 1361 1058 1426 exercitu
1089 1368 1516 1445 comparato,
1551 1361 1623 1425 in
1678 1362 2093 1428 Macedonia
2140 1361 2355 1427 Bruto
2385 1381 2551 1426 con-

325 1460 616 1547 junctus
647 1465 716 1527 in
744 1464 1006 1548 campis
1041 1464 1405 1549 Philippiis
1441 1465 1529 1528 ab
1561 1463 1864 1529 Antonio
1895 1464 2138 1543 victuS,
2183 1484 2338 1528 cum
2390 1483 2551 1528 ean-

335 1566 490 1631 dem
521 1567 853 1634 fortunam
876 1576 901 1604 ⁸
944 1567 1141 1632 Bruti
1183 1573 1470 1651 putaret,
1502 1567 1623 1650 qui
1672 1566 2015 1632 Caesarem
2050 1567 2341 1644 vicerat,
2386 1566 2547 1630 Pin-

331 1668 502 1734 daro
557 1670 797 1735 liberto
849 1670 1161 1755 jugulum
1218 1668 1533 1754 praebuit.
1620 1671 1685 1735 6.
1750 1668 1963 1755 Cujus
2020 1675 2230 1734 morte
2295 1669 2549 1747 audita,

329 1771 675 1838 Antonius
706 1774 1131 1839 exclamasse
1159 1773 1425 1850 dicitur,
1445 1772 1633 1838 Vici.

699 392 798 440 DE
844 390 1050 441 Vnus
1100 390 1609 443 ILLUSTRIBUS
1658 393 1822 443 cAP.
1872 394 2228 446 Lxxxln.

1266 1955 1625 1987 epeeeooooooo

400 2072 538 2121 cn.
563 2085 815 2122 Lxxxur.
879 2077 912 2122 2
946 2073 963 2101 ‘
1002 2075 1216 2122 Osacem.
1286 2073 1374 2123 Sic
1411 2071 1634 2122 emendo
1674 2070 1741 2120 de
1778 2069 2003 2131 ingenio.
2070 2069 2136 2122 In
2167 2069 2301 2120 Mss.
2337 2070 2550 2133 Lyncea

332 2138 586 2201 scriptum
610 2140 787 2188 inveni
809 2146 866 2189 et
889 2139 1136 2203 Syme-en.-
1171 2152 1324 2204 quem
1346 2152 1450 2187 non
1471 2136 1733 2202 agnosco-³
1765 2135 1955 2186 Schott.

1341 2285 1562 2336 NOTAE

398 2386 423 2414 ⁸
460 2381 674 2436 Οεασεηι,
692 2382 1005 2447 praesectum]
1034 2381 1203 2433 Cicer.
1230 2382 1400 2447 Epist.

329 2456 398 2507 ad
426 2458 538 2509 Att.
572 2459 662 2508 lib.
690 2473 743 2508 v.
766 2474 852 2523 ep.
880 2464 964 2510 20.
1017 2468 1033 2492 ‘
1060 2461 1290 2511 Rumore
1311 2461 1400 2510 ad-

329 2541 518 2583 ventus
553 2537 740 2591 nostri,
772 2544 830 2587 et
862 2536 1060 2591 Cassio,
1093 2539 1180 2600 qui
1215 2538 1399 2586 Antio-

326 2611 448 2659 chia
489 2613 786 2675 tenebatur,
824 2614 1027 2663 animus
1061 2615 1306 2675 accessit,
1346 2625 1403 2664 et

329 2689 545 2739 Parthis
592 2690 748 2740 timor
790 2691 1011 2755 injectus
1056 2699 1170 2752 est3
1224 2692 1399 2755 itaque

329 2781 418 2815 eos
443 2765 692 2824 cedentes
717 2767 781 2817 ab
802 2767 999 2832 oppido
1032 2767 1242 2819 Cassius
1266 2769 1400 2818 inse-

327 2849 497 2898 cutus,
523 2857 628 2891 rem
655 2842 788 2892 bene
812 2844 995 2907 gessit.
1045 2845 1164 2896 Qua
1185 2845 1238 2893 in
1259 2843 1401 2909 fuga,

327 2932 522 2980 magna
543 2920 878 2980 auctoritate,
902 2918 1100 2974 Osaces
1134 2919 1240 2968 dux
1269 2920 1399 2969 Par·

328 2995 556 3052 thorum,
581 2997 765 3045 vulnus
788 2996 1016 3060 accepit,
1046 3011 1213 3060 eoque
1235 2998 1399 3047 inter·

328 3073 389 3121 iit
432 3074 614 3135 paucis
650 3080 767 3137 post
789 3072 1007 3122 diebus!
1075 3074 1271 3123 Osaces
1296 3072 1399 3123 Pa-

326 3150 438 3199 cori
463 3149 555 3198 filii
581 3151 717 3213 regis
744 3150 937 3200 Orodis
969 3139 1175 3200 nomine
1198 3152 1397 3200 exerci-

326 3232 438 3274 tum
475 3226 730 3276 ductabat
759 3242 791 3275 a
825 3227 1004 3276 Cassio
1042 3229 1211 3276 victus
1236 3227 1304 3278 A.
1328 3227 1396 3277 U.

326 3304 449 3352 ⁷02.

389 3377 413 3410 δ
447 3379 702 3444 Orontem]
748 3379 811 3428 In
835 3381 1008 3444 Syris.

386 3454 662 3518 cearyoca
682 3455 1038 3516 cognominatas
1056 3456 1152 3520 est]
1183 3456 1394 3520 Quippe

323 3543 441 3577 cum
482 3532 535 3578 in
561 3531 712 3593 Syria
744 3538 975 3582 tantum‘
1000 3531 1261 3595 caryotae'
1281 3548 1397 3582 nas·

324 3611 533 3661 cantur,
582 3607 643 3654 iis
696 3608 962 3670 praecipue
1010 3609 1399 3671 negotiabatur.

264 3737 267 3746 Ι
321 3678 476 3729 Varr.
498 3682 589 3732 lib.
611 3683 674 3732 de
696 3683 774 3732 Re
796 3685 1012 3734 Rustica
1033 3699 1151 3747 cap.
1177 3687 1259 3734 l.‘
1281 3686 1399 3735 Non

1481 2381 1629 2431 scitis
1655 2379 1925 2444 palmulas,
1945 2384 2185 2444 caryotas
2199 2377 2263 2426 'in
2282 2376 2435 2440 Syria
2457 2392 2549 2442 pa-

1481 2474 1600 2509 rere
1623 2459 1675 2508 in
1712 2455 1996 2518 Judaea‚in
2029 2453 2186 2506 Italia
2223 2467 2327 2504 non
2364 2453 2551 2519 posse.'

1487 2537 1733 2601 Caryotae
1751 2534 1959 2585 Gallice
1981 2535 2159 2582 dates.

1546 2612 1573 2647 ‘¹
1613 2607 2251 2676 Velperme‚inqsit,seri]
2299 2608 2388 2656 Sic
2408 2608 2546 2669 apud

1483 2687 1749 2739 Justinum
1795 2686 2019 2737 Gobries
2061 2686 2274 2748 Magum
2319 2686 2550 2735 medium

1442 2759 1445 2762 ’
1482 2763 1771 2826 amplexus,
1789 2760 2154 2812 cunctantibus
2183 2760 2357 2822 sociis,
2381 2775 2447 2810 ne
2471 2761 2552 2824 ip-

1481 2854 1598 2889 sum
1642 2837 1748 2903 pro'
1768 2840 1930 2902 Mago
1970 2834 2379 2897 transfoderent,
2426 2839 2552 2901 quia

1481 2935 1567 2970 res
1596 2921 1822 2971 obscuro
1860 2921 1979 2969 loco
2013 2918 2318 2982 gerebatur,
2349 2917 2432 2965 vel
2457 2930 2549 2979 per

1480 3011 1628 3047 suum
1650 3008 1838 3060 corpus
1864 2993 2005 3056 adigi
2039 2994 2197 3056 Mago
2227 2991 2419 3040 ferrum
2434 2992 2548 3053 jus-

1480 3073 1567 3123 sit.

1544 3159 1567 3185 θ
1620 3151 1743 3198 Cum
1783 3149 1982 3198 eandem
2007 3145 2285 3209 fortunam]
2352 3145 2545 3194 Brutus
2569 3171 2584 3190 s

1480 3227 1728 3291 Augusti,
1754 3224 2009 3275 Antonius
2037 3238 2160 3272 vero
2184 3221 2348 3271 Cassii
2371 3230 2547 3270 castra

1478 3304 1774 3352 devicerat:
1814 3301 2025 3350 Cassius
2042 3305 2215 3348 antem
2232 3312 2348 3346 cum
2366 3296 2546 3360 rapido

1477 3378 1678 3442 impetu
1701 3377 2021 3440 recipientes
2055 3388 2113 3423 se
2149 3373 2302 3422 Bruti
2337 3373 2548 3435 equites

1478 3456 1704 3516 videret,
1741 3452 1928 3516 fugere
1971 3451 2277 3506 arbitratus,
2316 3457 2546 3499 transac-

1479 3541 1590 3581 tum
1618 3531 1685 3581 de
1712 3531 1946 3594 partibus
1983 3536 2144 3589 ratus,
2166 3528 2253 3575 nni
2278 3526 2344 3575 de
2370 3527 2546 3590 proxi-

1480 3610 1578 3659 mis
1603 3608 1944 3659 auferendum
1971 3606 2203 3671 praebuit
2229 3615 2406 3670 caput.
2452 3604 2543 3653 Vi-

1481 3686 1550 3735 de
1575 3686 1715 3736 Flor.
1734 3686 1770 3734 i.
1791 3700 1867 3734 ιν.
1891 3699 1937 3734 c.
1959 3687 2009 3733 7.
