3023 4942
956 415 1057 467 ΠΒ
1100 417 1543 474 OAESARIBUS
1589 426 1754 476 CAP·
1799 430 1918 484 111.

2408 420 2532 494 2211

332 549 678 625 dominum
701 554 861 635 dici,
892 563 1096 642 atque
1124 562 1385 648 insigne
1416 569 1599 648 regni
1623 578 1650 617 ⁸
1691 573 1908 656 capiti
1938 576 2208 645 nectere
2233 582 2538 653 tentave-

330 658 459 721 rat.
547 655 660 725 12.
706 657 869 737 Qua·
895 674 1436 733 causaauctore
1479 668 1817 751 Chaerea‚¹³
1865 678 2055 756 moti,
2098 682 2349 765 quibus
2395 687 2538 754 Ro-

328 774 532 825 mana
560 759 782 829 virtus
821 762 1063 843 inerat,
1110 775 1296 835 tanta
1325 773 1626 853 pernicie
1676 780 2030 862 rempubl.‚
2083 787 2400 854 confosso
2432 812 2537 871 eo,

326 857 596 929 levare:
643 865 1171 953 praelatumquei
1215 874 1561 940 excellens
1611 877 1809 943 Bruti
1839 882 2097 951 facinus
2124 886 2341 971 ejecto
2371 893 2536 959 Tar·

1255 1034 1466 1055 omen

1467 1037 1622 1058 00000

325 1129 452 1171 cere
471 1121 525 1171 in
539 1124 776 1178 Salmasii
793 1131 1155 1183 correctione.’
1168 1134 1319 1185 Harl.
1382 1136 1661 1190 ‘Dominum
1674 1141 1790 1193 dici.
1846 1143 2226 1211 congruentius
2249 1152 2439 1225 legeris
2455 1160 2537 1208 do-

322 1187 510 1239 niam
540 1204 591 1241 se
622 1193 722 1245 dict
754 1197 840 1245 vel
870 1197 1086 1248 dominu
1114 1199 1250 1249 dici!
1283 1201 1632 1254 armen—12
1669 1208 1820 1258 Cerco
1841 1220 1965 1260 ante
2006 1212 2211 1266 Schott.
2246 1218 2538 1283 legebatur.

1325 1348 1373 1398 N
1383 1347 1545 1399 O'rAE

318 1442 520 1496 dixere.
579 1448 773 1503 Scribit
793 1453 1073 1509 Suetonius
1093 1457 1387 1524 Augustum

319 1511 535 1572 solitum
591 1526 774 1578 ludere
829 1533 845 1560 ‘
868 1536 1103 1585 ocellatis
1142 1539 1386 1587 nucibus·

319 1597 470 1660 que,'
493 1598 583 1650 ubi
617 1605 805 1654 munti
834 1610 1018 1659 calculi
1050 1623 1174 1662 sunt
1204 1614 1257 1662 in
1280 1613 1386 1664 for-

316 1688 459 1724 mam
481 1679 637 1728 ocelli
660 1679 809 1746 facti,
832 1687 917 1735 vel
948 1688 1084 1739 oculi
1118 1691 1274 1740 modo
1308 1693 1386 1741 lu-

317 1758 521 1801 centes.
552 1753 730 1805 Graeci
754 1771 892 1817 vero,
908 1763 1095 1826 quibus
1111 1767 1281 1816 omnia
1297 1782 1386 1816 au-

316 1838 447 1887 gere
470 1841 579 1877 mos
598 1839 697 1889 est,
719 1848 824 1883 non
846 1839 1020 1887 oculos
1046 1848 1268 1908 tantum,
1291 1845 1383 1894 sed

317 1904 667 1966 nympharum
685 1913 861 1961 oculos
878 1913 1078 1966 dixere.
1103 1920 1386 1971 Suetonius

315 1980 632 2030 concharum
673 1991 875 2037 tantum
911 1994 1179 2044 meminit:
1216 1999 1231 2024 ‘
1254 1997 1386 2049 Pos-

315 2055 528 2112 tremo,’
558 2059 747 2123 inquit,
781 2063 796 2091 ‘
817 2068 961 2128 quasi
986 2077 1386 2134 perpetraturus

314 2127 510 2179 bellum
536 2132 739 2185 directa
759 2140 872 2189 acie
901 2142 954 2192 in
978 2144 1160 2197 littore
1181 2151 1386 2214 oceani,

309 2218 378 2254 ac
432 2205 652 2261 ballistis
702 2215 1055 2283 machinisque
1104 2224 1386 2289 dispositis,

311 2283 529 2333 nemine
565 2301 731 2349 gnaro
761 2306 824 2342 ac
852 2294 1104 2358 opinante
1137 2302 1384 2365 quidnam

312 2366 584 2422 coepturus
615 2372 774 2431 esset,
804 2380 1028 2434 repente
1062 2381 1122 2426 ut
1157 2380 1381 2430 conchas

308 2434 568 2499 legerent,
582 2441 858 2510 galeasque
875 2455 930 2497 et
948 2450 1089 2501 sinus
1115 2456 1384 2519 replerent

309 2510 612 2575 imperavit,
634 2520 801 2579 spolia
830 2526 1015 2573 oceani
1050 2542 1257 2586 vocans,
1282 2534 1381 2582 Ca-

311 2579 497 2647 pitolio
538 2591 848 2664 Palatioque
893 2600 1112 2655 debita!
1345 2659 1349 2672 ,

309 2666 647 2737 ειιιιῐεῑιιῑίειιιιν
679 2671 902 2732 addidit,
957 2684 1380 2749 sententiamque

307 2739 634 2798 immutavitx
693 2751 833 2812 quod
895 2753 1031 2804 enim
1086 2757 1379 2822 hujusmodi

307 2818 479 2867 calces
502 2820 612 2870 sive
636 2826 865 2877 calculos
887 2830 1065 2883 Graeci
1095 2836 1111 2866 ⁸
1130 2839 1381 2901 nymphas

307 2905 425 2940 rum
448 2896 671 2945 ocellos’
693 2908 750 2949 et
768 2902 997 2956 ‘lumina
1015 2908 1030 2931 ’
1047 2912 1202 2961 etiam
1226 2930 1378 2964 voca-

308 2978 452 3025 runt,
475 2970 625 3022 finxit
648 2975 841 3030 dixisse
858 2983 1163 3048 Caligulam,
1181 3005 1284 3039 non
1309 3007 1378 3042 ex

305 3044 613 3105 hominibus,
637 3054 730 3101 sed
767 3069 835 3104 ex
871 3061 1186 3119 coelestibus,
1207 3068 1377 3129 spolia

303 3121 530 3184 cepisse,
553 3127 929 3194 qaod'lapillos
964 3151 1030 3185 ex
1063 3153 1263 3193 oceano
1290 3158 1372 3193 re·

304 3205 593 3258 portasset,
632 3218 761 3266 quos
811 3213 1158 3276 'nympharum
1197 3220 1375 3270 oculos

302 3268 501 3321 Graecir
521 3280 868 3340 appellarent.
938 3289 1081 3339 Solet
1113 3292 1203 3342 ille
1235 3310 1373 3364 que·

301 3346 429 3400 dam
448 3350 502 3398 in
523 3352 737 3405 historia
767 3367 963 3421 praeter
996 3373 1230 3417 veterum
1253 3381 1372 3420 sen·

300 3426 519 3476 tentiam
564 3429 830 3491 innovare,
873 3441 1144 3503 praecipue
1193 3445 1247 3493 in
1292 3447 1373 3496 liis

299 3499 457 3554 dietis
489 3510 544 3554 et
567 3507 725 3569 jocis·
791 3513 981 3577 Lapilli
1016 3517 1178 3582 igitur
1213 3522 1372 3572 iidem

298 3580 413 3629 sive
431 3581 638 3646 calcini,
656 3588 741 3649 qui
760 3596 777 3620 c
790 3592 1022 3643 umbilici
1038 3595 1052 3617 '
1067 3597 1370 3661 quibusdam

297 3655 433 3708 dieti
455 3665 597 3716 suut,
614 3663 629 3687 ⁸
647 3665 803 3713 ocelli
817 3665 833 3687 ’
853 3671 950 3717 'vel
988 3677 1003 3700 ⁸
1019 3674 1268 3733 ocellati,’
1288 3678 1373 3727 vel

299 3731 461 3782 etiam
486 3735 503 3762 ‘
521 3740 861 3802 nympharum
881 3747 1063 3796 ocelli’
1080 3749 1153 3799 ab·
1169 3752 1284 3801 aliis
1304 3755 1375 3803 via

295 3806 494 3858 dentur
522 3814 796 3876 appellati.
865 3822 981 3873 Nec
1003 3824 1056 3873 in
1086 3826 1165 3876 bis
1185 3829 1374 3893 lapidi-

295 3880 396 3934 bus
430 3884 601 3949 figura
636 3894 852 3946 muitum
882 3897 1089 3951 diversa
1119 3911 1202 3955 est
1235 3909 1379 3959 oculi·

296 3967 353 4008 et
384 3961 636 4014 umbilici.
700 3968 940 4037 Uterque
966 3979 1100 4026 enim
1126 3983 1372 4042 protube-

295 4043 380 4084 rat
402 4038 453 4087 in
480 4043 722 4095 rotundo.
767 4045 934 4099 Varro
959 4052 1012 4101 in
1037 4049 1369 4122 Marcipore=

289 4110 306 4138 ‘
328 4110 518 4166 Altera
534 4128 723 4170 exorat
744 4132 950 4185 patrem
968 4129 1150 4182 libram
1174 4137 1367 4185 ocella-

293 4189 492 4252 terum,
532 4193 702 4245 altera
743 4202 1029 4253 semodium
1065 4212 1367 4272 margarito-

291 4263 450 4316 rum.’
516 4268 744 4337 coeunti,
768 4289 870 4325 nou
901 4281 1123 4348 uellate,
1138 4285 1368 4351 dicendi,

422 4345 602 4413 Daph.
623 4357 671 4401 et
698 4353 815 4404 ναν.
839 4358 970 4410 ctas.

1470 1466 1539 1510 et,
1564 1462 1975 1518 subaudiendum
2008 1471 2220 1529 calculi..
2281 1475 2449 1530 Immo
2484 1499 2535 1533 ο-

1467 1538 1630 1588 cellati
1648 1554 1740 1601 pro
1760 1544 1909 1606 ocelli,
1932 1551 1991 1594 ut
2012 1551 2244 1601 maculata
2266 1568 2361 1616 pro
2381 1565 2536 1629 marm

1467 1613 1532 1676 la,
1553 1621 1775 1666 caucam
1794 1633 1890 1682 pro
1919 1637 2103 1681 caucus,
2138 1633 2194 1676 et
2215 1629 2397 1682 similia
2419 1650 2535 1686 sex-

1468 1699 1639 1756 centa.
1683 1692 2130 1749 Quemadmodum
2148 1717 2301 1766 porro
2319 1709 2536 1763 calculis

1466 1768 1604 1814 oculi
1628 1782 1810 1820 nomen
1834 1771 2107 1834 dederunt,
2131 1778 2204 1827 ita
2228 1789 2283 1830 et
2306 1784 2533 1839 vicissim

1466 1843 1628 1892 oculis
1650 1847 1853 1899 calculi.
1923 1851 2059 1901 Nam
2095 1861 2150 1903 et
2178 1858 2337 1921 ψῆφον
2356 1861 2534 1915 Graeci

1465 1919 1520 1967 in
1556 1923 1707 1972 oculo
1742 1928 2010 1988 appellant
2045 1930 2329 1994 pupillamz
2367 1938 2445 1988 καὶ
2472 1941 2534 1991 τῦ

1463 1995 1633 2055 μέλαν.
1699 1997 2096 2063 Artemidorum
2130 2008 2190 2059 τὸ
2208 2009 2261 2062 δὲ
2275 2012 2534 2075 dmm&-

1467 2086 1588 2128 σειν,
1602 2070 1783 2125 ἔνδειαν
1792 2074 2010 2141 ἀργυρίου
2024 2083 2181 2150 δηλοῖ,
2202 2087 2362 2150 ἐπειδὴ
2382 2091 2461 2141 καὶ
2470 2094 2537 2144 τὰ

1469 2143 1662 2213 ὄμματα
1676 2146 1862 2213 ψήφούς
1884 2152 2004 2216 ἔχει.
2069 2159 2327 2227 Coecutire',
2346 2168 2533 2234 inquit,

1464 2225 1663 2284 argenti
1699 2231 1947 2290 penuriam
1993 2233 2257 2302 siguificat,
2312 2246 2535 2307 quoniam

1465 2299 1588 2347 oculi
1603 2301 1749 2351 etiam
1778 2306 1980 2357 calculos
2010 2309 2199 2362 habent.
2263 2317 2425 2382 Plura
2458 2325 2535 2373 vi-

1464 2375 1533 2424 de
1561 2379 1696 2441 apud
1732 2381 1946 2434 Salmas.
1980 2387 2035 2441 in
2067 2389 2360 2455 Exercitat.
2391 2396 2535 2463 Plin,=

1460 2450 1601 2503 Illud
1631 2463 1832 2508 tantum
1856 2459 2065 2528 addam,
2101 2466 2319 2519 ridicule
2344 2470 2532 2527 fecisse

1462 2528 1753 2597 Victorem,
1778 2538 1864 2599 qui
1888 2551 1954 2586 ex
1978 2554 2062 2605 eo,
2083 2544 2219 2607 quod
2244 2549 2434 2599 calculi
2455 2553 2531 2604 illi

1462 2621 1590 2670 quos
1612 2610 1900 2676 collegerat
1917 2614 2174 2680 Caligula,
2187 2625 2546 2687 nympharum*

1461 2685 1599 2734 oculi
1622 2686 1921 2740 dicerentur
1942 2706 1973 2741 a
2006 2693 2225 2756 Graecis,
2247 2704 2448 2754 fatuum
2474 2706 2533 2756 il-

1460 2759 1553 2808 lnd
1577 2760 1774 2812 dictum
1801 2764 2002 2818 affinxit
2025 2770 2350 2839 Imperatori,
2373 2786 2390 2810 ‘
2414 2795 2531 2844 spo·

1458 2835 1531 2884 lia
1562 2853 1591 2885 a
1614 2854 1668 2888 se
1693 2855 1795 2890 non
1816 2857 1883 2893 ex
1904 2845 2210 2905 hominibus,
2232 2854 2322 2903 sed
2348 2858 2530 2908 coeles·

1461 2911 1589 2961 tium
1635 2917 1746 2979 rapi
1764 2917 1798 2979 3’
1840 2921 1983 2983 quasi
2028 2937 2153 2973 vero
2205 2911 2344 2979 oculi
2391 2920 2529 2985 inter

1455 2990 1624 3051 spolia
1647 2997 1907 3045 numerari
1928 3012 2151 3062 unquam
2188 3007 2403 3066 possint,
2428 3024 2529 3061 non

1454 3068 1624 3131 magis
1666 3072 1959 3121 mehercule
1996 3091 2151 3139 quam
2185 3084 2381 3148 capita,
2414 3087 2527 3148 sive

1455 3143 1555 3192 alia
1587 3147 1783 3209 quaevis
1816 3148 2049 3199 membra
2080 3153 2313 3206 hostibus
2349 3171 2528 3226 ampu-

1455 3223 1586 3267 tata·
2371 3285 2378 3290 .

1518 3302 1546 3338 8
1567 3295 1767 3367 Insigne
1780 3301 1945 3370 reg-ni]
1969 3301 2111 3351 Puta
2128 3304 2389 3375 diadema,
2402 3306 2527 3388 pur-2

1455 3384 1661 3434 param,
1685 3384 1969 3440 sceptrum,
2002 3381 2101 3429 ὅτε.
2170 3383 2383 3436 Sueten.
2408 3404 2527 3455 cap.

1453 3454 1541 3500 22.
1574 3453 1598 3480 ‘·
1619 3453 1665 3501 N
1672 3468 1735 3502 ec
1763 3458 1982 3506 multum
2006 3451 2182 3511 abfuit
2199 3462 2321 3528 quin
2345 3469 2524 3533 statim

1455 3526 1695 3577 diadema
1715 3543 1966 3598 sumeret,
1987 3538 2314 3605 speciemque
2331 3546 2527 3607 princi-

1455 3611 1610 3666 patus
1636 3606 1688 3655 in
1714 3611 1857 3673 regni
1879 3610 2096 3663 formam
2121 3623 2492 3673 converteret!

1519 3680 1545 3715 ¹²
1582 3683 1804 3750 Choerea]
1840 3688 2022 3739 Cassio
2048 3691 2262 3744 Chaerea
2298 3695 2523 3772 cohortis

1453 3761 1720 3819 praeterIae
1747 3763 1976 3814 tribuno.
2010 3768 2147 3819 Vide
2170 3771 2383 3824 Sueten.
2407 3783 2502 3838 56.

1456 3861 1459 3864 -
1515 3831 1533 3865 ¹
1561 3834 1947 3904 ‘ProelammqueJ
2028 3842 2230 3896 Imitati
2299 3848 2522 3916 fuissent

1453 3918 1712 3974 praestans
1736 3914 1892 3974 Bruti
1914 3916 2132 3977 facinus,
2156 3935 2272 3973 cum
2303 3920 2521 3996 Tarquiss

1452 3985 1592 4035 nium
1614 3989 1803 4054 ejecit3
1837 3994 1934 4044 hoc
1950 4005 2049 4061 est,
2065 4002 2312 4063 populum
2330 4004 2521 4062 Roma·

1449 4071 1571 4111 num
1604 4068 1813 4117 omnino
1848 4072 1901 4120 in
1937 4073 2233 4126 libertatem
2266 4083 2520 4132 asseruis-

1447 4149 1584 4207 sent,
1607 4158 1704 4195 nec
1727 4147 1967 4214 cuiquam
2003 4152 2277 4217 imperium
2302 4156 2519 4225 detulis-
2570 4199 2575 4203 .

1446 4226 1583 4280 sent,
1608 4220 1829 4273 Brutum
1864 4227 2029 4276 secuti
2062 4230 2151 4293 qui
2186 4231 2356 4294 eJecto
2390 4233 2517 4297 'Pare

1447 4294 1646 4362 quinio,
1670 4312 1795 4364 pop.
1827 4299 1979 4355 Rom.
2010 4302 2304 4357 libertatem
2339 4303 2516 4360 reddi-‘-

1259 4368 1430 4421 Aurel.
1453 4373 1581 4425 Υἱοὶ.
2334 4388 2385 4441 Q
