3023 4942
490 376 626 444 326

492 556 701 620 raque
731 554 849 620 per
876 535 1195 619 legiones,
1222 550 1505 618 quarum
1545 531 1756 597 otium
1799 531 1969 615 reip.
2012 539 2213 616 atque
2256 531 2650 597 ductoribus
2673 529 2701 569 ‘¹

502 646 895 723 suspectum
920 624 1215 714 rebatur,
1246 636 1480 701 eodem
1511 634 1713 700 modo
1737 635 1842 699 hic
1865 634 2163 700 Galliam
2185 635 2616 718 Pannoniasq
2625 646 2704 698 ue

496 748 570 806 et
604 740 982 806 Moesorum
1023 740 1271 805 colles⁸
1324 739 1575 807 vinetis
1622 738 1938 821 replevit3
1988 744 2227 821 postea
2266 758 2430 803 sane
2460 757 2664 821 quam
2690 733 2713 772 f

497 843 935 909 barbarorum
979 843 1220 908 attritae
1267 850 1505 923 gentes
1544 846 1721 916 sunt,
1767 860 1945 923 quae,
1990 841 2240 905 nostris
2281 838 2706 923 principibus

495 963 772 1010 suorum
820 944 1076 1033 scelere
1116 941 1503 1020 interfectis,
1533 939 1942 1025 irruperant;
1988 942 2184 1008 simul
2219 942 2441 1017 caesiS,
2474 940 2709 1007 Satur-

496 1031 654 1114 nino
715 1066 830 1130 per
890 1045 1286 1124 Orientem,⁸
1343 1042 1741 1128 Agrippinae
1791 1043 2070 1109 Bonoso
2111 1040 2493 1109 exercitu:¹¹
2552 1064 2710 1108 nam

497 1150 772 1233 utrique
791 1149 1204 1214 dominatum
1237 1154 1684 1224 tentaverant,
1713 1151 1958 1225 sumta,
1983 1145 2096 1211 cui
2120 1147 2326 1211 duces
2350 1152 2713 1229 praeerant,

497 1270 726 1317 manu.
775 1253 845 1316 4.
891 1251 1054 1331 Qua
1074 1268 1311 1328 causa,
1340 1248 1631 1332 receptis
1656 1249 1966 1312 omnibus
1988 1249 2418 1331 pacatisque,
2450 1249 2714 1312 dixisse

498 1353 833 1439 proditur,
859 1354 1050 1419 brevi
1079 1352 1330 1417 milites
1369 1352 1617 1417 frustra
1643 1345 1837 1415 fore.i
1928 1348 2113 1415 Hinc
2159 1350 2449 1433 denique
2496 1350 2713 1431 magis

496 1457 746 1521 irritati
783 1455 992 1539 paulo
1028 1456 1126 1518 cis
1172 1459 1443 1518 sextum
1482 1470 1734 1516 annum
1754 1445 1779 1486 ⁸
1831 1451 2014 1534 apud
2055 1452 2372 1517 Sirmium
2417 1451 2714 1516 trucida-

500 1577 680 1637 vere,
739 1576 894 1621 cum
938 1555 1024 1621 ad
1075 1553 1462 1619 siccandam
1489 1553 1759 1617 lacunis
1808 1573 1891 1618 ac
1940 1553 2133 1618 fossa
2186 1552 2453 1619 urbem¹
2510 1554 2714 1638 ipsim

500 1661 793 1744 patriam
834 1659 1274 1743 adigerentur,
1317 1676 1474 1741 quae
1524 1655 1812 1741 palustri
1862 1657 2013 1722 solo
2051 1657 2468 1742 hyemalibus
2516 1656 2718 1741 aquis

1421 1798 1785 1821 OOOOOOOOOOOO

1095 389 1326 440 snx‘rl
1377 389 1702 438 amman
1756 388 2111 439 Vlc‘roms

505 1903 611 1953 Ms.
652 1919 737 1966 ap.
774 1880 1007 1966 Scliott.;
1039 1911 1160 1953 ante
1184 1917 1337 1969 quem
1357 1900 1632 1955 doctoribus
1666 1915 1763 1965 pro
1784 1901 2057 1952 ductoribus
2075 1901 2313 1952 extabat.
2376 1901 2441 1951 In
2479 1916 2626 1965 seqq.
2659 1902 2719 1951 ab

503 1969 719 2021 exercitu
752 1971 989 2020 nonnulli
1030 1976 1333 2031 suaserunt3
1367 1969 1461 2020 sed
1495 1982 1613 2019 eum
1641 1967 1883 2019 Grunero
1915 1967 2063 2017 malit
2099 1968 2250 2017 Harl.
2279 1981 2385 2017 cum
2415 1968 2720 2017 exercitu.-

1503 2097 1725 2149 NOTAE

564 2197 591 2232 ‘¹
627 2197 844 2254 Quarum
861 2199 1010 2249 otium
1025 2198 1148 2263 reip.
1174 2204 1317 2262 atque
1339 2197 1575 2261 [doctor-i·
1656 2196 1886 2246 exercita.
1923 2186 2127 2246 Schott.

501 2273 610 2338 bus]
643 2275 940 2339 ductoribus]
983 2276 1104 2325 Non
1145 2277 1279 2325 male
1323 2275 1575 2324 Schottus
1723 2272 1740 2306 ¹
1765 2273 1919 2322 Brevi
1935 2270 2457 2334 militesfrustrufore]
2482 2270 2602 2322 Hoc
2623 2280 2726 2329 est,

499 2350 790 2400 ductoribus.
812 2352 881 2401 Et
899 2366 1023 2401 vero
1041 2353 1202 2401 otium
1224 2352 1445 2400 militare
1463 2366 1572 2401 om·

501 2426 644 2477 nium
670 2426 882 2477 aliorum
904 2442 1251 2492 progenerare
1283 2430 1573 2493 negotium,

501 2518 606 2554 non
628 2520 785 2569 parce
808 2506 1011 2555 ostendi
1035 2522 1101 2555 ex
1132 2507 1324 2557 Graeca
1361 2506 1573 2555 Latina-

504 2588 606 2644 «μήθ
626 2581 859 2645 historia,
883 2582 935 2631 in
966 2589 1244 2633 comment.
1279 2584 1345 2632 ad
1379 2581 1574 2632 Annal.

503 2657 672 2707 Tacit.
693 2657 784 2705 lib.
806 2670 846 2707 1.
866 2672 984 2722 cap.
1009 2662 1090 2707 16.
1130 2660 1330 2709 Gruter.

573 2741 596 2767 e
634 2734 808 2783 Eodem
829 2736 963 2783 modo
985 2734 1063 2798 hie
1084 2734 1223 2785 Ga‘ll.
1241 2736 1368 2785 Pon.
1384 2739 1432 2785 et
1447 2736 1570 2785 Μω-

507 2824 668 2859 sorum
703 2809 863 2873 eones]
897 2810 1185 2874 Vopiscust
1220 2810 1420 2860 ‘Gallis
1462 2826 1572 2860 om-

509 2885 663 2944 nibus
679 2890 735 2934 et
768 2883 1019 2947 Hispanis
1054 2898 1116 2932 ae
1147 2884 1428 2942 Britannis,
1450 2885 1575 2935 hine

511 2959 750 3025 permisit
771 2965 830 3010 ut
852 2959 987 3009 vites
1009 2950 1283 3022 haberent,
1297 2962 1576 3025 vinumque

511 3035 868 3086 conficerent?
931 3037 1063 3086 Post
1086 3036 1463 3101 Domitianum,
1489 3036 1579 3101 qui

515 3113 735 3176 primus,
757 3127 823 3162 ne
849 3113 963 3178 quis
986 3113 1039 3162 in
1077 3113 1239 3163 Italia
1267 3114 1578 3170 novellat-et,

512 3188 774 3251 edixerat,
797 3189 867 3239 ibi
893 3190 1223 3239 observatum
1242 3188 1363 3246 fnit,
1382 3197 1439 3240 ut
1459 3204 1577 3254 pro-

511 3264 697 3313 miscui
720 3278 823 3314 non
847 3270 989 3313 esset
1011 3264 1146 3327 juris
1177 3264 1313 3334 vites
1335 3265 1579 3321 institue,-

516 3353 611 3402 re;
646 3340 738 3389 sed
765 3354 941 3389 eornm
974 3346 1176 3389 tantum
1206 3342 1295 3404 qui
1315 3342 1382 3391 ab
1404 3342 1581 3405 Impe-

484 3430 490 3434 ’
515 3423 691 3467 ratore
717 3418 915 3466 veniam
935 3417 1321 3480 impetrassent.

578 3490 602 3523 f
627 3492 809 3541 Postea
849 3506 962 3542 sane
1004 3493 1169 3557 quam]
1206 3491 1302 3543 Ait
1345 3495 1579 3555 repletos

510 3565 704 3616 vinetis
744 3567 921 3630 colles,
975 3575 1252 3631 postquam
1307 3568 1579 3632 barbaros,

511 3646 949 3713 Saturninnmque
977 3655 1035 3698 et
1059 3649 1322 3698 Bonosum
1352 3649 1578 3711 devicitg

513 3729 571 3772 et
593 3724 668 3774 sie
692 3722 1037 3788 intelligenda
1058 3738 1158 3773 vox
1178 3724 1310 3789 hinc,
1342 3739 1458 3789 quae
1490 3737 1578 3775 sua·

513 3814 614 3864 pra
652 3800 709 3849 in
742 3801 860 3850 loeo
900 3801 1136 3866 Vopisci.
1213 3802 1294 3850 De
1341 3800 1579 3852 barbaris

513 3892 646 3943 qnos
670 3877 796 3926 vicit
819 3876 1022 3926 Probus
1046 3875 1163 3926 fuse
1186 3876 1406 3940 Vopise.

579 3962 606 3998 s
640 3952 909 4005 Saturnino.
944 3968 1031 4016 per
1069 3953 1341 4019 Orientem]
1374 3956 1456 4004 De
1488 3955 1582 4003 Sa-

513 4029 726 4082 turnino
761 4036 817 4078 et
848 4030 1075 4086 Bonoso,
1116 4031 1234 4080 vide
1269 4032 1581 4094 Vopiscnm3

516 4106 604 4169 qui
629 4106 842 4157 tertium
875 4104 1025 4155 addit
1047 4105 1255 4156 nomine
1279 4107 1583 4158 Proculum.

520 4182 790 4232 Saturnini
815 4182 1052 4234 muniuit
1075 4182 1279 4234 zosim«

579 4257 605 4292 ¹¹
637 4260 826 4309 Bonoso
857 4257 1096 4323 exercitu]
1132 4259 1274 4322 Lege
1306 4258 1496 4307 Bonoso
1526 4259 1587 4308 ab

1655 2351 1671 2378 ‘
1690 2349 1837 2399 brevi
1858 2350 2046 2398 milites
2072 2349 2284 2397 inutiles
2308 2346 2459 2397 fore!
2526 2349 2725 2412 Vopis-

1654 2441 1769 2484 cus,
1801 2429 1817 2456 ‘
1835 2427 1937 2478 His
1964 2425 2137 2477 addidi
2155 2425 2172 2448 ’
2205 2425 2479 2490 (siclego;
2514 2440 2616 2476 non
2635 2427 2724 2475 ad·

1653 2507 1805 2556 didit.-
1839 2507 1937 2555 etsi
1975 2507 2126 2555 aliter
2165 2505 2259 2554 viri
2295 2502 2462 2567 docti)
2485 2504 2723 2555 ‘dictum

1655 2586 1765 2649 ejus
1786 2599 1962 2648 grave,
1984 2586 2027 2634 si
2050 2598 2274 2649 unquam
2297 2586 2510 2633 eveniat
2530 2586 2727 2633 saluta-

1654 2677 1732 2725 re,
1755 2662 1961 2726 reipub.
1995 2662 2143 2712 brevi
2178 2661 2370 2712 milites
2401 2663 2725 2712 necessarios

1653 2752 1757 2787 non
1780 2736 2024 2788 futuros?

1717 2811 1741 2847 ¹⁵
1775 2813 1931 2863 Paulo
1951 2813 2019 2862 cis
2039 2819 2227 2863 sextum
2247 2816 2452 2880 annum]
2487 2814 2726 2879 Impera·

1657 2889 1735 2939 vit
1758 2904 1919 2939 annos
1938 2904 2051 2951 sex,
2078 2904 2282 2940 menses
2314 2900 2552 2955 quatuor.
2619 2892 2726 2939 Vo-

1659 2967 1838 3029 piscus
1886 2980 2047 3015 annos
2095 2966 2321 3031 quinque
2377 2973 2579 3016 tantum
2635 2968 2727 3016 tri-

1661 3040 1790 3091 buit.

1725 3115 1741 3152 ¹
1773 3119 1896 3167 Cum
1927 3119 1992 3167 ad
2016 3117 2286 3167 siccandam
2316 3118 2500 3167 lammis
2517 3120 2726 3177 oesossa

1657 3193 1845 3257 urbem]
1884 3193 2175 3255 Vopiscus:
2212 3201 2227 3224 ‘
2248 3194 2384 3242 Nam
2409 3208 2525 3242 eum
2547 3196 2725 3244 Sirmi·

1660 3286 1745 3320 um
1769 3271 2018 3333 venisset,
2053 3284 2115 3319 ac
2139 3270 2312 3343 solum
2339 3270 2561 3333 patrium
2584 3270 2725 3320 effoe·

1662 3348 1878 3398 cundati
1911 3356 2149 3411 cuperet,
2170 3355 2225 3397 et
2247 3347 2490 3410 dilatari3
2524 3347 2588 3397 ad
2629 3350 2724 3397 sic·

1661 3425 1877 3475 eandam
1935 3424 2197 3487 quandam
2267 3424 2508 3487 paludem
2560 3424 2725 3474 multa

1661 3501 1815 3549 simul
1837 3499 1999 3549 millia
2012 3499 2231 3549 militnm
2250 3500 2441 3562 posuit,
2460 3500 2722 3564 ingentem

1659 3589 1849 3639 parans
1873 3573 2084 3635 fossam,
2102 3588 2238 3639 que,
2254 3573 2477 3637 dejectis
2494 3577 2544 3623 in
2567 3577 2724 3624 altum

1658 3652 1899 3709 navibus,
1922 3654 2036 3702 loca
2055 3652 2420 3702 Sirmiensibus
2459 3651 2734 3713 profutura.

1658 3730 1902 3780 siccaret.
1973 3730 2090 3779 Hoc
2122 3728 2347 3792 permoti
2378 3729 2724 3780 milites-eon·

1659 3804 1951 3870 fugientem
1983 3820 2100 3855 eum
2140 3806 2192 3855 ia
2227 3812 2422 3856 turrem
2461 3805 2725 3862 ferratam,

1664 3896 1819 3946 quam
1858 3882 1973 3946 ipse
2017 3882 2258 3945 speculae
2309 3893 2468 3932 caiisa
2503 3882 2725 3932 editissi-

1662 3971 1798 4006 mam
1854 3957 2292 4014 exoedifleaverat,
2347 3957 2726 4014 interemerunt

1664 4046 1800 4081 anno
1824 4031 2026 4093 imperii
2051 4033 2129 4080 sui
2153 4032 2406 4097 quinto?

1725 4113 1762 4140 ¹¹²
1811 4105 1941 4172 Ipsi]
1997 4106 2196 4156 Probo.
2256 4107 2430 4218 Supra
2460 4106 2724 4173 Vopiscus,

1665 4183 1683 4214 ‘
1703 4182 1941 4260 Patrium
1962 4182 2168 4235 solum?
