3023 4942
1470 258 1505 265 ζ

694 427 792 478 nn
840 423 1051 477 vuus
1096 422 1604 475 innueramus
1654 410 1840 474 cna
1868 422 2151 473 nxxm.
2387 409 2523 476 20³⁷
2563 478 2569 493 ,

312 580 458 639 tur:
512 571 1029 638 intercedentem
1078 571 1387 638 Baebium
1433 572 1762 655 collegam
1809 571 1993 636 facta
2036 590 2158 655 per
2196 571 2524 655 populum

311 674 728 759 lapidatione
774 676 1166 742 summovit.
1269 676 1336 740 2.
1382 674 1697 740 Glauciae
1740 675 2064 759 praetori:²
2108 673 2287 758 qnod
2328 673 2393 738 is
2438 693 2526 738 eo

314 776 450 854 die,
477 795 620 860 ,quo
663 777 810 861 ipse
853 777 1252 841 concionem
1293 777 1615 855 habebat,
1633 777 1756 861 jus
1795 775 2083 841 dicendo
2111 779 2371 860 partem
2401 794 2524 860 po·

312 878 462 962 puli
507 887 893 958 avocasset,
923 879 1156 944 sellam
1201 878 1528 958 concidit,
1559 885 1634 944 ut
1669 880 1884 961 magis
1915 877 2302 962 popularis‘¹
2340 876 2528 941 vide-

315 987 515 1045 retur.
603 983 668 1047 3.
716 982 1117 1062 Quendam·
1169 980 1467 1045 libertini
1517 980 1763 1045 ordinis
1818 980 2226 1057 subornavit,
2281 976 2400 1061 qui
2451 999 2529 1043 se

316 1079 578 1147 Tiberii
632 1083 924 1149 Gracchi
972 1083 1182 1148 filium
1235 1082 1530 1165 fingeret.
1617 1084 1686 1148 4.
1733 1080 1844 1146 Ad
1902 1080 2032 1147 hoc
2084 1082 2532 1147 testimonium

320 1182 720 1268 Sempronia
759 1205 946 1250 soror
990 1184 1453 1273 Gracchorum
1498 1183 1853 1268 producta,
1886 1204 2012 1249 nec
2040 1185 2374 1268 precibuS,
2401 1203 2531 1248 nec

319 1286 521 1350 minis
575 1287 823 1353 adduci
873 1289 1124 1371 potuit,
1166 1295 1243 1352 ut
1292 1287 1587 1353 dedecus
1632 1287 1913 1352 familiae
1961 1294 2378 1369 agnosceret.
2467 1289 2534 1351 5.

323 1386 722 1454 Saturninus
767 1388 950 1455 Aulo
1004 1389 1235 1454 Nonio
1256 1385 1280 1424 f
1333 1391 1780 1473 competitore
1826 1390 2177 1454 interfecto
2234 1387 2537 1452 tribunus

320 1490 543 1574 plebis
606 1491 927 1570 refectus„
987 1492 1314 1571 Siciliam,
1374 1491 1735 1571 Achaiam,
1798 1490 2270 1555 Macedoniam
2336 1489 2536 1554 novis

322 1591 584 1656 colonis
632 1592 1030 1675 destinavit3
1074 1599 1145 1659 et
1188 1612 1449 1672 aurum,
1500 1588 1662 1658 dolo
1708 1614 1793 1658 an
1839 1593 2098 1658 scelere
2144 1590 2540 1677 Caepionisss

322 1698 613 1775 parturn,
641 1693 731 1758 ad
772 1694 1130 1759 emtionem
1171 1714 1479 1778 agrorum
1521 1695 1871 1760 convertit.
1957 1696 2022 1760 6.
2075 1693 2280 1778 Aqua
2308 1699 2379 1757 et
2403 1691 2541 1774 igni

324 1793 717 1860 interdixit¹²
748 1797 833 1875 ei,
860 1797 981 1880 qui
1011 1798 1077 1861 in
1103 1797 1290 1879 leges
1320 1816 1480 1861 suas
1510 1817 1643 1862 non
1668 1797 1987 1881 jurasset.
2074 1797 2142 1860 ’7.
2188 1794 2378 1859 Huic
2406 1792 2543 1876 legi

324 1897 552 1961 multis
574 1898 915 1963 nobilibus
940 1899 1414 1982 abrogantibus
1438 1919 1592 1963 cum
1622 1900 1969 1979 tonuisset,
1989 1898 2327 1976 clamavit,
2357 1894 2404 1960 J
2410 1915 2542 1975 am,

1258 2042 1288 2063 0
1294 2043 1625 2067 ‘eecce-em

324 2140 563 2190 Ven.—2
583 2143 638 2191 Is
656 2157 709 2192 eo
729 2142 810 2192 dic
832 2158 923 2206 quo
957 2145 1001 2192 is
1022 2142 1147 2192 Ald.
1184 2142 1275 2204 ‚ius
1301 2144 1458 2193 <larido
1482 2145 1620 2194 Mss-
1649 2159 1733 2207 ap.
1754 2145 1961 2196 Schott.
2000 2143 2092 2207 jus
2110 2143 2298 2194 dicendi
2322 2141 2470 2192 Leid.
2496 2147 2546 2192 1.

325 2206 588 2267 indigendo
631 2207 778 2256 Leid-
811 2211 863 2257 2.
908 2211 1179 2257 advocasset
1200 2223 1293 2259 sex
1321 2210 1454 2258 Mss.
1479 2223 1566 2272 ap.
1597 2208 1784 2259 Arntz.
1820 2209 1921 2260 Ed.
1943 2224 2024 2273 pr.
2050 2209 2175 2259 Ald.
2199 2216 2256 2257 et
2280 2210 2545 2272 pleraeque
2573 2240 2574 2247 η

328 2272 453 2320 edd.
518 2272 710 2321 Mallet
730 2271 916 2322 Amtz.
950 2274 1176 2322 concidit.
1250 2274 1318 2322 Ut
1341 2288 1409 2322 m.
1436 2288 1489 2336 p.
1521 2274 1786 2338 videretur,
1822 2277 2167 2338 quendam—3
2204 2273 2548 2323 Subur-dinavit

328 2336 416 2384 ed.
439 2337 616 2386 Mach.
635 2343 691 2386 et
719 2337 902 2386 Tiberii
922 2338 1100 2387 delent
1122 2337 1354 2388 Gratum.
1374 2337 1595 2403 Agripp.
1620 2347 1675 2388 et
1692 2340 1828 2388 Ven.
1895 2341 2027 2388 Tum
2048 2338 2266 2400 fingeret
2304 2343 2350 2387 et
2380 2338 2443 2385 ad
2465 2338 2550 2385 hoc

330 2401 434 2450 Ed.
461 2407 641 2463 pr.—-4
661 2408 675 2429 ‘
691 2401 974 2465 Sempronia
997 2438 1012 2452 .
1038 2437 1053 2454 .
1078 2435 1092 2451 .
1115 2404 1246 2451 Mss.
1267 2402 1550 2465 Sempronia
1578 2405 1740 2459 ducta,
1773 2419 1879 2466 nec,
1913 2407 1993 2467 ἅμ’.
2064 2404 2289 2466 Reliqua
2324 2401 2550 2450 absunt.'

329 2466 521 2517 sehon.
587 2467 604 2494 ‘
625 2466 712 2517 Itu
740 2477 886 2517 certe
910 2468 1146 2518 Gramm.
1167 2468 1324 2518 Fran.
1349 2467 1574 2533 Agripp.
1598 2478 1654 2519 et
1676 2469 1816 2518 Ven.
1885 2469 2013 2518 Mox
2036 2467 2211 2517 adduci
2233 2482 2335 2517 non
2357 2467 2552 2529 legitur

328 2533 387 2582 in
411 2532 560 2581 Leid.
584 2534 632 2581 1.
677 2533 808 2581 adici
828 2540 911 2581 est
933 2534 986 2583 in
1011 2534 1167 2583 Fran.
1191 2531 1331 2583 forte
1357 2549 1450 2596 pro
1479 2533 1643 2584 allici.’
1668 2533 2012 2584 Amnem—5
2039 2534 2141 2582 Ed.
2168 2546 2248 2594 pr.
2271 2540 2330 2582 ut
2360 2531 2478 2581 Pal.
2500 2536 2551 2581 2.

329 2597 539 2647 Mumio.
595 2596 711 2646 Pal.
732 2600 781 2647 1.
805 2598 1001 2647 Numio.
1066 2606 1082 2630 ⁸
1102 2599 1251 2648 Aulio
1274 2598 1459 2648 Mumio
1481 2600 1628 2649 Leid.
1657 2602 1705 2648 1.
1753 2599 1899 2649 Aulio
1928 2599 2102 2647 Manio
2122 2598 2272 2648 Leid.
2308 2603 2358 2647 2.
2422 2597 2550 2646 Aulo

332 2661 564 2710 Nummio
586 2662 742 2712 Fran.
795 2661 925 2711 Aulo
947 2663 1133 2712 Mumio
1157 2663 1364 2713 Boend.
1387 2663 1613 2728 Agripp.
1634 2671 1691 2714 et
1714 2665 1849 2713 Ven.
1893 2666 2020 2713 Aulo
2037 2663 2272 2712 Mummio
2299 2663 2477 2712 Hauu.
2495 2668 2553 2710 et

331 2725 566 2774 Gramm.
598 2726 730 2777 Aulo
752 2725 981 2776 Meuania
1001 2727 1124 2777 Ald.
1145 2734 1202 2776 et
1222 2729 1424 2792 Gryph.
1457 2730 1605 2779 Aulio
1628 2729 1864 2779 Mummio
1886 2729 2060 2782 Mach.
2126 2728 2189 2777 In
2216 2735 2362 2777 tanta
2386 2726 2552 2776 varie·

333 2796 447 2839 tate
475 2805 655 2840 verum
679 2791 856 2841 dicere
892 2789 1103 2843 difficile
1127 2798 1228 2855 est,
1253 2794 1351 2841 nisi
1373 2794 1662 2844 Mummium
1694 2796 2029 2855 retineamus,
2051 2799 2394 2857 agnoscentes
2417 2792 2556 2842 inter

329 2855 480 2916 ipsos
515 2857 797 2918 scriptores
830 2857 1142 2919 dissensum,
1164 2858 1270 2920 vel,
1297 2859 1434 2923 quod
1461 2858 1705 2923 prefero,
1728 2860 1857 2911 Aulo
1881 2859 2044 2908 Nonio
2078 2858 2411 2908 admittamus
2435 2871 2554 2907 cum

332 2920 479 2968 an.
502 2920 568 2969 ad
595 2921 735 2970 Flor.
758 2935 846 2971 ιιι.
878 2926 958 2972 16.
982 2924 1010 2986 §
1048 2922 1112 2971 1.'
1130 2923 1308 2972 Arntz.
1372 2924 1504 2973 Tum
1544 2931 1558 2953 ‘
1580 2926 1703 2975 Non
1728 2932 1812 2973 est
1847 2921 2206 2985 retingendum
2228 2929 2312 2972 aut
2340 2923 2447 2971 doto
2468 2928 2556 2972 aut

331 2987 527 3041 scelere,
557 2986 817 3050 quomodo
854 2995 936 3035 est
974 2987 1028 3035 in
1053 2986 1207 3037 Leid.
1237 2991 1283 3035 l.
1317 2989 1401 3037 vel
1424 2990 1531 3038 dolo
1552 2994 1637 3038 aut
1672 2991 1867 3043 scelere,
1890 2996 1950 3037 ut
1985 2988 2189 3038 Boend.
2226 2988 2458 3037 Gru-amm.
2482 2986 2557 3036 A·

334 3050 508 3113 gripp.
527 3060 582 3099 et
603 3052 736 3100 Ven.
780 3066 897 3111 nec,
912 3053 1019 3100 dolo
1039 3057 1095 3100 ut
1107 3053 1309 3100 scelere.-
1335 3068 1454 3117 quae
1479 3055 1640 3105 lectio
1662 3062 1744 3103 est
1763 3053 1910 3104 Leid.
1926 3057 1978 3102 2.
1997 3053 2079 3116 [et
2098 3051 2200 3101 Ed.
2223 3051 2326 3115 pn]
2345 3050 2361 3074 ’
2381 3053 2556 3102 Amtz.

335 3113 583 3177 Scipionis
600 3130 691 3178 pro
718 3116 955 3179 Coepionis
984 3119 1039 3166 in
1058 3116 1260 3166 excusis
1282 3119 1581 3181 antiqq.-6
1602 3119 1791 3182 Aquam
1815 3123 1863 3167 et
1887 3118 2048 3179 ignem
2063 3118 2239 3167 interd.
2275 3119 2322 3167 ci
2344 3116 2556 3180 quidam

336 3181 641 3242 κούρω-7
664 3182 681 3209 ‘
696 3181 832 3230 Huic
851 3181 969 3242 legi.
1029 3183 1161 3231 Mss.
1187 3181 1322 3230 Huic
1334 3184 1434 3243 leg-i
1449 3185 1591 3233 multi
1612 3184 1792 3233 nobiles
1814 3182 2095 3244 obrogantes
2114 3195 2219 3230 cum
2241 3183 2493 3240 tonuisset,
2507 3185 2557 3228 et

335 3245 603 3294 clamaret.-
639 3244 749 3306 jam
769 3246 946 3308 inquit,
974 3248 1058 3309 ξε.
1095 3246 1394 3296 nominandi
1419 3262 1565 3297 casu.
1616 3249 1787 3298 Paris.
1824 3254 1878 3297 et
1916 3248 2098 3297 Colon.
2134 3248 2247 3296 Hac
2282 3248 2387 3308 legs
2415 3245 2560 3294 multi

343 3309 525 3358 nobiles
560 3310 859 3371 abrogantes,
895 3326 1004 3358 cum
1040 3310 1295 3373 tonuisset,
1332 3314 1574 3362 clamavit.
1639 3314 1773 3374 Jam,
1807 3312 1997 3375 iuquit.-
2031 3325 2192 3376 quare
2227 3309 2562 3373 obrogantibus

339 3375 539 3433 malim,
565 3382 619 3425 et
642 3375 780 3424 addo
802 3375 1054 3438 clamavit,
1072 3374 1354 3427 addicente
1377 3386 1434 3427 et
1457 3378 1681 3428 Mediol.
1751 3378 1891 3430 Quid
1915 3377 1959 3427 si
1983 3379 2216 3442 legamus
2245 3376 2384 3440 quasi
2418 3381 2558 3425 tonu-

1341 3517 1560 3571 NOTA-3

340 3613 639 3665 missionem
660 3622 809 3666 erant
831 3613 1119 3665 consecuti.
1491 3619 1840 3685 competitore
1863 3583 2196 3671 tribunatus.'
2256 3615 2364 3667 Alii
2390 3616 2564 3679 aliter,

409 3702 432 3727 ⁶
447 3694 666 3744 Glaucioe
676 3695 903 3761 proetori]
930 3696 1102 3747 Quem
1134 3693 1274 3746 infra
1298 3694 1410 3760 Ap·
1492 3695 1585 3744 sed
1608 3697 1778 3746 malim
1803 3696 1983 3752 Nouio,
2004 3701 2064 3746 nt
2086 3696 2186 3745 hic.
2229 3691 2403 3744 Νόνιον
2422 3692 2561 3743 enim

342 3771 508 3835 puleii
529 3772 804 3821 satellitem
826 3779 997 3823 vocat.
1495 3782 1686 3823 vocant
1711 3773 1985 3838 Appianns
2007 3780 2062 3824 et
2085 3772 2418 3822 Plutarchus.

408 3845 435 3880 ¹
473 3847 541 3897 Ut
563 3848 718 3909 magis
739 3848 1006 3913 popularis]
1040 3849 1118 3898 Eo
1141 3847 1280 3913 quod
1306 3854 1414 3896 tam
1559 3858 1587 3894 s
1613 3849 1821 3907 Aurum,
1856 3852 1962 3899 dolo
1997 3865 2062 3899 an
2095 3850 2269 3899 scelere
2294 3845 2565 3911 Coepionis]

344 3921 584 3984 dolenter
605 3922 769 3975 ferret
792 3940 823 3975 a
845 3926 1095 3976 concione
1115 3940 1210 3975 sna
1228 3936 1414 3975 avoca·
1493 3923 1696 3975 Aurum
1732 3926 2077 3977 Tholosannm
2118 3925 2390 3989 intelligit,
2425 3922 2566 3988 quod

344 4003 456 4047 tum
477 3996 641 4049 fnisse
667 4002 933 4064 populum.
1493 4001 1745 4051 Servilius
1781 4002 1979 4065 Caepio,
2014 4007 2218 4052 vastato
2253 3998 2467 4064 oppido,
2498 4012 2567 4047 ex

428 4081 453 4107 ⁰
495 4075 772 4140 Quendam]
840 4076 1068 4127 Nomine
1124 4077 1414 4130 Quintium.
1495 4079 1632 4128 illius
1656 4079 1867 4143 templis
1890 4078 2091 4142 diripit,
2116 4076 2183 4127 Α.
2206 4076 2275 4126 U.
2296 4079 2414 4126 647.

350 4148 489 4199 Vide
509 4165 667 4215 supra
690 4152 740 4200 in
763 4152 985 4202 Metello
1008 4153 1305 4204 Numidico.
1561 4154 1586 4189 ἱ
1619 4156 1761 4219 Aqua
1796 4159 1845 4204 et
1874 4154 1982 4216 igni
2013 4151 2299 4216 interdixit]
2335 4149 2491 4214 Aqua
2509 4155 2566 4198 et

415 4223 437 4259 ¹
462 4226 589 4277 Aulo
607 4228 792 4292 Nouio]
817 4231 834 4258 ⁸
849 4229 1108 4280 Anninm’
1127 4235 1280 4281 vocnt
1295 4231 1415 4282 Flo·
1496 4231 1604 4296 igni
1627 4230 1944 4282 interdicere
1977 4228 2200 4279 formula
2221 4242 2323 4292 qua
2350 4225 2567 4284 Romani

353 4315 461 4353 rus.
499 4304 516 4332 ‘
540 4305 732 4355 Occiso
777 4307 946 4371 polam
985 4306 1210 4359 comitiis
1243 4307 1421 4360 Annio
1498 4306 1805 4366 utebantur,
1829 4321 1945 4358 cum
1969 4320 2122 4371 quem
2142 4302 2552 4367 morijuberent·
