3023 4942
501 444 632 511 102
1110 454 1341 505 snx'ri
1388 450 1718 501 Aunnnn
1770 445 2120 496 vtc'rorus

501 606 566 669 2.
616 603 869 668 Occiso
901 598 1139 665 Servio
1171 596 1398 663 Tullio
1448 613 1723 677 regnum
1775 592 2058 655 sceleste
2107 586 2489 669 occupavit.
2577 585 2706 650 Ta-

503 727 656 771 men
686 705 862 769 bello
894 709 1221 778 strenuus,
1270 699 1552 762 Latinos
1588 695 2013 776 Sabinosque
2054 689 2348 768 domuit;
2391 687 2709 752 Suessam

505 804 931 873 Pometiamb
978 804 1260 871 Volscis
1308 801 1595 886 eripuit;
1639 797 1944 863 Gabios⁰
1986 814 2106 878 per
2154 792 2440 857 Sextum
2481 790 2711 864 filium,

505 909 826 975 simulato
866 901 1288 988 transfugio,‘¹
1319 906 1387 968 in
1412 909 1823 987 potestatem
1851 898 2139 979 redegit3
2186 901 2258 959 et
2284 893 2489 957 ferias
2528 890 2713 954 Lati,

506 1020 667 1076 nase
698 1013 957 1094 primus
986 1009 1293 1073 instituit.
1359 1008 1425 1071 3.
1458 1005 1676 1069 Foros
1706 1004 1778 1066 in
1808 995 2040 1076 circo,f
2065 1003 2134 1062 et
2161 997 2463 1061 cloacam
2493 994 2713 1057 maxi·

505 1133 681 1177 mam
708 1120 734 1157 ³
764 1111 947 1188 fecit,
978 1111 1100 1175 ubi
1131 1110 1343 1174 totins
1388 1106 1627 1191 populi
1668 1105 1922 1168 viribus
1972 1120 2136 1166 usus
2168 1107 2310 1164 est:
2356 1096 2530 1161 unde
2576 1096 2711 1160 illae

1437 1262 1527 1283 On

1743 1259 1803 1279 00

512 1366 721 1416 Schott.
736 1381 799 1414 ex
821 1366 1029 1414 moribus
1042 1382 1059 1413 .-
1094 1365 1178 1413 alii
1201 1382 1232 1414 a
1253 1365 1577 1414 moribus.—2
1597 1363 1796 1412 Scenam
1814 1358 2084 1409 Pometiam
2108 1354 2324 1404 Etruscis
2344 1350 2444 1401 Ed.
2466 1364 2545 1413 pr.
2578 1348 2721 1397 Sues-

506 1446 610 1481 sam
636 1430 901 1479 Pometiam
926 1431 1182 1480 Hetruscis
1223 1430 1344 1478 And.
1398 1429 1536 1478 Vide
1576 1429 1728 1477 Nott.
1759 1427 1979 1474 Van—3
2006 1423 2114 1471 Pro
2153 1420 2302 1469 Foros
2339 1418 2533 1466 babent
2569 1415 2718 1463 Locos

509 1497 715 1547 Schott.
739 1495 931 1545 Gaesb.
958 1497 1148 1559 Delph.
1171 1496 1361 1546 Pitisc.
1396 1495 1554 1544 Luem
1569 1493 1669 1543 Ed.
1689 1506 1768 1556 pr.
1793 1498 1848 1540 et
1871 1488 1998 1538 Ald.
2029 1488 2230 1549 Lacum,
2245 1485 2418 1545 Latus,
2434 1481 2597 1530 Ludos
2613 1479 2717 1527 alii.

1502 1607 1745 1702 No‘rAE'

572 1735 600 1769 b
631 1736 852 1786 Suessam
865 1736 1030 1799 Pom.]
1048 1736 1358 1787 Volscorum
1381 1743 1574 1799 caput:

511 1828 624 1874 eam
648 1816 951 1865 Volscarum
976 1815 1179 1864 urbium
1210 1823 1429 1864 matrem
1454 1813 1577 1864 fuis-

510 1906 567 1941 se
592 1899 845 1940 memorat
866 1892 1039 1942 Strab.
1063 1892 1149 1940 lib.
1175 1906 1224 1941 v.

576 1975 599 2002 ‘³
638 1967 841 2030 Gabios]
888 1967 936 2017 A
974 1968 1188 2018 sinistro
1233 1968 1435 2017 Latinae
1476 1967 1578 2016 viae

512 2043 697 2100 latere,
733 2044 871 2094 inter
912 2060 1025 2093 eam
1072 2051 1127 2093 et
1160 2045 1418 2094 Valeriam
1459 2051 1580 2093 sunt

515 2119 675 2169 Gabii
714 2120 766 2169 iu
806 2121 887 2169 via
923 2121 1268 2169 Praenestiua.
1334 2121 1412 2169 Ea
1455 2122 1579 2170 urbs

508 2197 748 2247 latomias
770 2198 928 2247 babet
950 2214 1068 2263 quae
1105 2198 1470 2248 Romanisusu
1491 2212 1579 2247 ce-

512 2274 641 2322 teris
668 2281 924 2338 praestant
944 2292 960 2323 τ
995 2276 1155 2323 distat
1188 2274 1376 2339 aequali
1412 2290 1442 2323 a
1473 2275 1578 2324 Ro·

512 2364 599 2475 {na
637 2359 693 2400 et
730 2351 1003 2402 Praeueste
1042 2353 1340 2403 intervallo.
1401 2352 1580 2401 Strab-

536 2425 608 2476 ib.
629 2439 685 2477 v.

466 2509 481 2519 *
578 2503 606 2538 θ
633 2504 871 2554 Simulato
896 2503 1194 2568 transfugio]
1232 2503 1365 2553 Nam
1392 2505 1585 2554 Sextus

512 2579 803 2644 transfugit
825 2597 892 2631 ex
917 2583 1206 2646 composito
1223 2581 1442 2640 Gabios,
1468 2595 1587 2629 sau·

516 2656 629 2704 cius
669 2657 1077 2720 verberatusque
1114 2658 1294 2719 virgis,
1330 2657 1494 2720 patris
1531 2656 1587 2705 in

518 2745 576 2780 se
621 2733 876 2781 saevitiam
936 2732 1320 2783 intolerabilem
1364 2747 1589 2797 conque·

519 2822 659 2871 rens,
679 2817 734 2857 et
757 2809 973 2874 benigne
993 2810 1057 2859 ab
1076 2810 1299 2860 Gabinis
1317 2819 1589 2873 acceptus,

518 2886 626 2934 dux
650 2887 860 2942 taudem
884 2888 1005 2937 belli
1030 2889 1241 2950 legitur.
1295 2887 1507 2952 Sicque‚
1532 2901 1590 2936 re

519 2965 750 3016 Gabinia
782 2967 834 3014 iu
871 2974 1191 3030 potestatem
1226 2965 1463 3022 redacta,
1497 2979 1594 3026 per

518 3043 759 3092 nuntium
808 3050 1016 3106 patrem
1073 3041 1197 3106 quid
1256 3040 1372 3090 fieri
1430 3042 1591 3091 vellet

520 3120 812 3168 consuluit:
849 3121 934 3171 cui
958 3120 1081 3168 nihil
1108 3127 1260 3183 pater
1283 3118 1586 3182 respondit3

519 3196 610 3245 aed
633 3196 902 3245 cacumina
925 3209 1241 3259 papaverum
1267 3194 1469 3258 virgula
1486 3194 1589 3243 dis-

516 3273 673 3336 jecit,
718 3287 782 3322 eo
831 3273 1009 3336 capita
1065 3271 1344 3332 primorum
1398 3272 1587 3321 civium
1630 3310 1635 3318 .

523 3349 816 3400 truncanda
838 3363 954 3398 esse
983 3347 1297 3412 significans.

564 3434 613 3475 ΑΒ
645 3427 820 3476 Ferias
858 3423 1088 3486 Latinas]
1143 3424 1257 3474 Has
1313 3422 1593 3487 Dionysius

522 3503 929 3553 Halicarnassus
965 3502 1062 3551 lib.
1085 3516 1159 3551 xv.
1192 3500 1422 3550 omnium
1458 3500 1593 3563 opti·

522 3592 609 3627 me
632 3578 951 3641 explicavit:
985 3573 1372 3641 ‘Tarquinius,'
1404 3575 1593 3638 iuquit,

522 3655 831 3719 ‘proposuit
875 3654 1155 3717 designare
1201 3667 1474 3703 commune
1518 3651 1594 3700 fa-

525 3745 650 3780 num
689 3732 1057 3792 Romanorum,
1094 3730 1418 3791 Latinorum,
1460 3727 1595 3776 Her·

526 3809 780 3862 uicorum,
812 3807 1140 3867 Volscorum,
1166 3821 1269 3870 quo
1300 3804 1365 3852 ad
1399 3818 1597 3852 merca·

528 3892 639 3934 tum
656 3884 1028 3934 convenientes
1046 3883 1324 3945 quotannis
1345 3895 1446 3928 una
1469 3895 1598 3942 epu·

527 3963 782 4021 latentur,
818 3959 1221 4020 fruerenturque
1256 3955 1416 4004 sacris
1459 3969 1597 4003 com-

528 4038 791 4087 munibus.
862 4036 1033 4083 Locus
1070 4032 1353 4082 conventui
1395 4030 1599 4094 proesti-

531 4123 676 4165 tutus
720 4119 801 4162 est
845 4112 896 4160 in
942 4109 1239 4160 meditullio
1267 4107 1377 4157 fere
1417 4108 1600 4157 harum

530 4192 765 4257 gentium
808 4202 951 4236 mons
994 4186 1130 4234 altus
1175 4184 1394 4233 Albanis
1436 4184 1603 4232 immi-

532 4281 681 4328 nens,
723 4265 809 4314 ubi
848 4262 1059 4326 singulis
1093 4261 1240 4310 annis
1279 4257 1425 4310 feriae
1462 4259 1599 4308 cele·

531 4336 833 4400 merentur,
893 4347 948 4390 et
1000 4353 1064 4390 eo
1120 4337 1372 4403 temporis
1427 4336 1602 4403 spatio

1660 1739 1875 1798 propter
1893 1732 1994 1782 loci
2018 1727 2341 1793 religionem,
2360 1725 2635 1786 legemque
2656 1715 2723 1764 de

1659 1813 1758 1861 hoc
1794 1812 1976 1869 latam,
2014 1808 2081 1857 ab
2116 1805 2256 1855 omni
2278 1804 2327 1851 vi
2367 1800 2725 1861 temperarent

1662 1901 1880 1936 omnes:
1927 1897 2176 1947 sacraque
2215 1877 2559 1929 communiter
2602 1869 2725 1922 Jovi

1661 1961 1847 2013 Latiali
1883 1959 2139 2021 facerent,
2173 1963 2229 2006 et
2262 1957 2507 2002 vacarent
2540 1945 2723 2010 epulis,

1661 2040 1947 2090 constituto
2003 2036 2165 2099 prius,
2202 2039 2453 2097 quantum
2509 2026 2725 2091 quisque

1662 2117 1880 2181 populus
1916 2115 1970 2164 in
2007 2129 2067 2163 ea
2101 2126 2249 2161 sacra
2285 2109 2541 2173 praebere,
2564 2117 2728 2167 quan·

1662 2203 1838 2243 tamve
1887 2191 2178 2256 portionem
2230 2186 2471 2248 recipere
2516 2182 2728 2230 debeat.

1662 2273 1853 2321 Earum
1885 2268 2131 2318 feriarum
2165 2255 2324 2327 atque
2348 2257 2588 2310 sacrificii
2615 2270 2730 2320 par-

1664 2349 1851 2411 ticipes
1874 2345 2085 2395 fuerunt
2106 2342 2271 2393 tribus
2292 2338 2460 2388 minus
2480 2335 2733 2399 quiuqua-

1665 2425 1810 2489 ginta
1865 2421 2065 2485 populi,
2111 2431 2240 2484 quas
2293 2421 2474 2462 nostra
2520 2422 2729 2475 quoque

1667 2509 1829 2552 aetate
1854 2497 2073 2550 Romani
2093 2495 2318 2559 agitant,
2339 2489 2558 2540 Latinas
2582 2499 2734 2534 voca·

1667 2583 1749 2627 tas
1772 2592 1788 2625 2
1863 2573 2243 2635 conseruntque
2298 2566 2354 2615 in
2409 2578 2498 2612 eas
2554 2559 2734 2624 populi

1667 2667 1927 2703 sacrorum
1976 2647 2260 2713 participes
2300 2640 2510 2707 quidam
2553 2649 2736 2701 agnos,

1631 2766 1635 2771 -
1669 2730 1878 2796 quidam
1901 2741 2102 2787 caseos,
2123 2721 2332 2789 quidam
2356 2717 2510 2767 laetis
2533 2722 2735 2765 certum

1669 2806 1898 2868 modum,
1922 2801 2126 2868 quidam
2161 2799 2272 2848 liba
2310 2793 2544 2845 lactaria.
2611 2790 2740 2840 Vic-

1671 2883 1803 2933 tima
1835 2888 1916 2931 est
1947 2888 2129 2928 taurus
2156 2889 2288 2926 unus
2321 2868 2610 2921 communis
2632 2881 2737 2915 om-

1673 2959 1836 3020 nium,
1883 2957 1952 3007 de
1994 2954 2147 3018 cujus
2201 2948 2489 2999 visceribus
2548 2944 2739 3009 cuique

1674 3036 1870 3099 populo
1913 3047 2003 3081 sua
2056 3036 2206 3079 certa
2256 3024 2428 3088 portio
2471 3022 2743 3081 tribuitur,

1669 3109 1992 3161 sacrificatur
2036 3114 2209 3155 autem
2255 3116 2349 3166 pro
2392 3099 2650 3162 omnibus,
2686 3104 2742 3165 et

1670 3185 1892 3236 Romani
1914 3186 2149 3248 praesunt
2165 3175 2457 3229 sacrificio?

1737 3260 1756 3294 f
1787 3263 1937 3312 Foros
1971 3255 2169 3322 [Locos]
2207 3255 2261 3303 in
2292 3251 2443 3316 circo]
2483 3251 2631 3316 Foras
2655 3264 2740 3298 vo-

1675 3346 1765 3387 cat
1806 3338 2002 3387 Livius.
2071 3334 2215 3382 Loca
2248 3337 2399 3380 erant
2442 3328 2744 3390 spectandis

1676 3415 1810 3464 ludis
1845 3412 2139 3462 fabricata:
2173 3407 2312 3457 unde
2347 3412 2404 3457 et
2438 3405 2744 3468 spectacula

1676 3492 1829 3540 etiam
1855 3490 2015 3538 dicta.

1741 3577 1767 3612 8
1823 3570 1892 3617 Et
1944 3569 2149 3616 cloacam
2207 3556 2491 3621 maximam]
2546 3557 2744 3617 Livius,

1675 3646 1692 3674 ‘
1712 3647 1874 3696 Foros
1912 3645 1964 3692 in
2001 3644 2155 3694 Circo
2187 3638 2470 3698 faciendos,
2491 3636 2745 3685 cloacam-

1678 3737 1779 3786 que
1804 3720 2076 3769 maximam
2107 3715 2495 3780 receptaculum
2521 3711 2744 3760 omnium

1679 3805 2132 3863 purgamentorum
2164 3794 2323 3845 Urbis
2354 3790 2450 3840 sub
2477 3800 2670 3839 terram
2696 3802 2749 3836 a·

1679 3876 1930 3938 gendam:
1970 3866 2154 3937 quibus
2177 3868 2378 3919 duobus
2400 3865 2644 3930 operibus
2664 3864 2750 3911 vix

1681 3969 1817 4003 nova
1871 3952 1968 4001 hac
2022 3946 2410 4009 magnificentia
2472 3943 2747 4005 quicquam

1683 4031 1959 4093 adaequare
1984 4022 2189 4089 potuit?
2254 4023 2386 4071 Erat
2424 4019 2538 4067 haec
2573 4019 2754 4065 cloaca

1662 4166 1663 4169 Ἴ
1685 4108 1750 4156 ad
1773 4105 1922 4157 Jovis
1942 4102 2165 4153 Statoris
2189 4101 2243 4149 in
2266 4107 2374 4147 tres
2400 4097 2586 4145 ductus
2619 4092 2749 4141 divi-

1683 4199 1765 4244 sa3
1814 4194 2032 4244 quorum
2076 4178 2178 4227 duo
2218 4172 2549 4239 postmodum
2588 4167 2750 4218 clausi

1684 4266 1838 4319 suut;
1875 4256 2060 4305 tertius
2081 4268 2174 4317 per
2197 4252 2364 4300 lacum
2390 4247 2628 4298 Curtium
2655 4244 2750 4292 sub

1685 4334 1803 4386 foro
1850 4334 2104 4396 Romano,
2142 4341 2242 4394 per
2283 4323 2520 4377 Palatini
2561 4321 2752 4372 montis
