3023 4942
412 384 502 451 26
1360 399 1678 450 sumum

411 547 595 613 idem
626 546 738 610 hic
766 545 985 611 sentio
1029 543 1440 610 faciendum.
1530 544 1727 611 Certe
1760 542 1821 608 si
1849 543 2035 628 quod
2065 543 2135 608 in
2163 542 2267 609 his
2289 543 2624 627 jndicium

413 668 636 715 meum
666 657 795 725 est,
842 668 976 713 non
1022 649 1206 731 sapit
1249 648 1550 712 Plinium
1600 645 1952 715 Caecilium
1984 647 2225 730 stylus.
2315 646 2428 710 Ad
2476 647 2624 711 haec

412 753 780 817 verisimile
806 752 908 830 fit,
939 752 1000 816 si
1028 752 1091 815 is
1122 770 1316 815 verus
1345 757 1582 815 auctor
1608 756 1815 826 esset,
1845 767 2002 812 cum
2032 749 2311 813 aliorum
2339 750 2626 812 maxime

412 856 652 920 virtute
692 855 943 918 bellica
981 860 1228 936 togave
1267 853 1628 917 illustrium
1658 853 1838 916 vitas
1871 858 2352 934 persequatur;
2389 868 2627 927 ‚eorum

414 959 533 1040 qui
563 955 946 1037 Augustum
977 964 1132 1020 sunt
1161 956 1473 1033 insecuti,
1508 955 1599 1020 ad
1640 953 2007 1037 Trajanum
2049 973 2286 1035 usque,
2328 934 2626 1035 [snpera-

412 1066 630 1123 torum
662 1058 1140 1143 hominumque
1169 1058 1532 1122 illustrium
1559 1046 1693 1121 non
1715 1059 2110 1121 omissurum
2139 1056 2392 1119 fuisse-z
2424 1075 2626 1139 prop-

411 1166 601 1224 terea
631 1161 812 1244 quod
844 1162 911 1224 in
938 1159 1250 1243 epistolis
1295 1160 1444 1235 viri,
1477 1160 1594 1241 qui
1624 1158 1894 1224 caeteris
1939 1158 2140 1222 laude
2185 1159 2625 1234 antistabant,

416 1281 648 1327 omnes
682 1282 881 1345 paene
913 1262 1195 1346 paginas
1225 1263 1564 1345 impleant.
1654 1258 1869 1327 Venit
1913 1262 1982 1326 in
2029 1270 2320 1325 mentem
2360 1260 2627 1345 conjec-

411 1371 567 1430 tura
613 1364 930 1428 fortassis
984 1384 1167 1441 vera,
1215 1383 1337 1427 cur
1394 1363 1647 1447 Nepoti
1695 1371 1816 1428 aut
1867 1363 2096 1429 Plinio
2157 1363 2627 1445 inscripserint

413 1466 728 1549 quidam:
773 1485 923 1530 cum
955 1466 1231 1530 enimin
1267 1466 1440 1529 Mss.
1487 1467 1654 1530 sorte
1687 1466 2015 1532 vidissent
2061 1465 2139 1531 C.
2177 1466 2439 1529 ΡωΝιι
2476 1465 2543 1531 N
2553 1483 2628 1529 13-

411 1559 655 1648 POTIS,
681 1567 845 1652 (fuit
868 1568 1044 1631 enim
1069 1567 1149 1634 C.
1175 1568 1440 1633 Plinius
1472 1567 1793 1633 Caecilius
1822 1569 2100 1633 alterius
2131 1589 2218 1632 ex
2250 1587 2478 1632 sorore
2511 1588 2622 1632 ne«⁵

408 1668 571 1753 pos)
597 1670 972 1734 obliteratis
1002 1670 1299 1734 nonnihil
1333 1671 1700 1753 prioribus,
1724 1690 2065 1755 parvaque
2089 1670 2280 1734 facta
2311 1671 2625 1735 immuta-

408 1773 616 1852 tione,
662 1771 1049 1837 CORNELII
1096 1771 1441 1837 Nssro'rrs
1488 1774 1623 1856 legi
1669 1779 1994 1856 coeptum,
2040 1779 2159 1836 aut
2201 1773 2355 1836 vice
2408 1792 2626 1848 versa,

409 1876 749 1941 accidisse
794 1894 929 1939 non
970 1874 1333 1940 admodum
1377 1896 1419 1940 a
1464 1896 1626 1941 vero
1669 1876 1996 1942 abhorret.
2086 1876 2223 1940 Sed
2261 1876 2491 1952 libros,
2523 1877 2624 1940 in-

409 1978 626 2061 quieS,
678 1978 941 2042 calamo
1016 1985 1358 2056 exaratos,
1411 1979 1700 2043 arbitros
1753 1980 2236 2043 controversiae
2294 1978 2621 2061 deposco.

324 2074 331 2079 ’
370 2124 381 2138 .
411 2077 734 2163 Quinque
766 2099 891 2143 nos
924 2079 1193 2163 quidem
1225 2079 1333 2143 usi
1363 2099 1623 2158 sumus,
1658 2078 1898 2144 demtis
1930 2081 2301 2163 antiquitus
2344 2082 2624 2144 excusis

409 2183 942 2265 quamplurimis,
973 2182 1089 2266 qui
1119 2183 1323 2246 etiam
1350 2180 1933 2246 vehementervnos
1961 2182 2395 2266 adjuveruntz
2440 2183 2625 2266 quod

408 2303 452 2347 a
469 2283 833 2350 Theodoro
852 2283 1254 2362 Pulmann0‚
1277 2285 1548 2349 erudito
1568 2285 1730 2360 viru,
1757 2287 2023 2368 accepi,
2037 2286 2227 2367 longe
2250 2287 2621 2368 optimum:

330 2398 335 2405 “
406 2384 772 2450 lectionum
817 2406 981 2451 vero
1024 2386 1394 2452 varietates
1438 2387 1705 2480 aliquot
1746 2406 1834 2451 ex
1864 2386 2152 2452 Joannis
2195 2387 2465 2453 Metelli
2498 2388 2621 2452 Se-

409 2491 641 2572 quani,
694 2490 1074 2554 doctissimi
1132 2490 1282 2565 viri,
1338 2491 1700 2555 codicibus
1752 2490 2047 2569 duobuS,
2110 2509 2393 2575 quorum
2455 2490 2626 2555 alter

412 2607 632 2664 nuuc.
662 2591 906 2656 abhinc
948 2591 1167 2663 aunis,
1196 2592 1305 2655 vel
1339 2592 1667 2675 pluribus,
1697 2594 1998 2677 scriptus
2027 2601 2151 2669 est,
2180 2594 2621 2657 communica-

409 2694 512 2757 vit
537 2695 895 2759 nobiscum
929 2694 1009 2759 P.
1040 2694 1298 2759 Silvius
1334 2693 1610 2778 juvenis
1650 2695 1895 2760 Graece
1940 2696 2315 2778 Latineque
2359 2695 2625 2760 doctus.

408 2794 704 2862 Lutetiae
750 2813 920 2861 vero.
962 2796 1310 2861 Francisci
1361 2795 1620 2861 Pithoei
1680 2797 1860 2862 Mss.
1911 2806 1981 2862 et
2034 2796 2483 2861 Bibliothecae
2531 2799 2624 2862 D.

410 2896 718 2963 Victoris
748 2899 817 2989 in
848 2898 1188 2962 suburbiis
1210 2899 1372 2962 *sitae
1398 2919 1563 2963 usus
1595 2919 1768 2964 sum.
1844 2899 2209 2968 Pulmanni
2240 2900 2625 2982 exemplum

409 3000 587 3066 hanc
620 3003 932 3086 ἐπιγραφὴν
963 3001 1274 3084 praefert:
1322 3005 1344 3035 ‘
1377 3002 1637 3067 Aurelii
1680 3003 1979 3068 Victoris
2027 3001 2356 3068 Historiae
2387 3003 2625 3067 abbre-

412 3105 615 3170 viatae
663 3106 750 3168 ab
796 3102 1112 3185 Augusto
1161 3103 1557 3183 Octaviam,
1589 3106 1657 3170 id
1687 3111 1812 3180 est,
1845 3125 1888 3170 a
1917 3104 2048 3168 fine
2075 3103 2160 3168 T.
2197 3103 2379 3169 Livii
2411 3125 2624 3189 usque

410 3206 499 3274 ad
547 3206 978 3270 consulatum
1037 3204 1369 3269 decimum
1430 3206 1817 3273 Constantii
1877 3205 2193 3289 Augusti,
2245 3214 2317 3271 et
2364 3206 2625 3273 Juliani

412 3308 708 3375 Caesaris
760 3306 1072 3372 tertium-³
1167 3308 1468 3394 Eratque
1519 3312 1586 3374 in
1638 3310 1819 3374 duos
1872 3318 2093 3374 tomos
2140 3319 2367 3374 sectus
2418 3310 2628 3374 liber:

411 3412 597 3498 prior
648 3411 734 3480 de
783 3411 967 3474 urbis
1013 3409 1254 3476 Romae
1300 3411 1556 3493 origine
1598 3412 2064 3495 fragmentum,
2100 3418 2169 3474 et
2203 3412 2387 3475 viros
2420 3411 2626 3476 hosce

411 3513 713 3578 illustres
762 3512 1187 3577 continebat:
1224 3514 1406 3579 ¹alter
1449 3513 1795 3579 Caesarum
1846 3515 2023 3580 vitas
2069 3513 2224 3578 hinc
2273 3533 2493 3597 usque
2536 3516 2623 3578 ab

285 3635 288 3638 ·
414 3613 775 3697 August03
824 3615 940 3698 qui
970 3622 1187 3681 tamen
1238 3616 1325 3682 ab
1369 3615 1557 3679 edito
1587 3618 1753 3679 mire
1785 3616 2024 3690 variat,
2057 3615 2626 3699 quemadmodum

412 3736 590 3781 nunc
621 3717 865 3783 sicum
913 3717 1192 3800 vulgata
1242 3717 1563 3799 Epitoma
1609 3717 1938 3796 conserat,
1990 3717 2332 3781 studiosus
2378 3719 2627 3782 Lector

411 3825 798 3899 cognoscet.
888 3817 1222 3882 Desinent
1249 3819 1445 3899 igitur
1470 3818 1657 3883 docti
1689 3818 1996 3887 dubitare
2020 3819 2220 3902 cujus
2239 3819 2390 3883 Viri
2421 3818 2625 3882 Illus-

407 3929 541 3986 tres
568 3922 722 3998 sint,
756 3929 1037 4004 reperto⁸
1057 3940 1214 3985 vero
1245 3929 1524 3986 auctore
1555 3921 1769 3986 Sex'to
1799 3921 2076 3987 Aurelio
2107 3922 2408 3986 Victore.
2471 3919 2624 3985 Pri-

412 4042 529 4087 ore
555 4024 733 4088 enim
765 4033 974 4107 parte,
1007 4030 1327 4105 tanquam
1359 4023 1845 4108 Prolegomena
1872 4029 2051 4100 sunt,
2076 4024 2323 4107 quibus
2351 4043 2436 4087 ea
2466 4041 2620 4105 quae

414 4144 458 4188 a
506 4126 705 4190 Livio
754 4125 937 4191 dicta
991 4126 1348 4209 prolixiuS,
1405 4129 1792 4192 summatim
1846 4127 2091 4211 repetit
2149 4125 2360 4210 priuS,
2418 4143 2623 4208 quam

418 4227 645 4312 lmpp.
677 4228 854 4294 vitas
884 4227 1323 4312 aggrediatur.
