3023 4942
2414 360 2556 426 287

326 532 556 587 sarum
598 534 755 602 rege
796 521 1066 584 nomine
1107 519 1435 604 Abgaro.¹¹
1524 522 1631 585 15.
1681 520 1932 603 Neque
1982 513 2205 584 minus
2255 518 2550 598 Arabas,

324 625 531 689 simul
566 623 844 687 adortus
876 632 949 687 ut
978 629 1101 701 est,
1144 625 1212 687 in
1246 623 1563 689 ditionem
1598 623 1876 706 redegit,
1908 625 2279 707 provinciae
2314 625 2554 692 modo-

322 727 442 791 16.
487 720 890 789 Adiabenai
934 746 1230 808 quoque,
1264 728 1331 789 ni
1365 735 1691 790 terrarum
1723 726 1977 790 macies
2009 726 2550 809 despectaretur,

322 829 395 892 in
440 828 832 891 tributarios
867 828 1346 893 concessisset.
1439 830 1544 892 17.
1593 828 1703 891 Ob
1745 829 1893 891 haec
1936 832 2121 890 tanta
2152 827 2557 906 Arabicum,

324 927 856 1005 Adiabenicum,
881 937 950 993 et
968 928 1275 992 Parthici
1298 924 1324 963 ¹⁵
1357 934 1803 1011 cognomento
1837 928 2079 995 Patres
2111 930 2370 994 dixere.
2436 929 2552 1012 18.

328 1031 475 1095 His
519 1030 782 1113 majora
827 1048 1199 1114 aggressuS,
1233 1031 1671 1106 Britanniam,
1704 1048 1861 1113 quae
1895 1029 1982 1094 ad
2029 1049 2117 1094 ea
2144 1030 2335 1095 utilis
2365 1028 2550 1108 erat,¹

326 1134 552 1217 pulsis
601 1131 936 1210 hostibus,
973 1140 1222 1196 murom
1269 1134 1577 1203 munivit,
1605 1152 1727 1217 per
1768 1138 2209 1197 transversam
2258 1133 2551 1199 insulam

327 1235 533 1299 ducto
578 1235 908 1318 utrimque
952 1234 1038 1298 ad
1073 1234 1273 1298 finem
1304 1235 1563 1299 oceani.
1651 1235 1760 1298 19.
1806 1232 1992 1312 Quin
2026 1235 2228 1298 etiam
2258 1233 2550 1317 Tripoli,

330 1337 533 1418 cujus
566 1333 765 1417 Lepti
796 1336 1053 1419 oppido
1086 1338 1497 1414 oriebatur-,¹¹
1547 1335 1889 1400 bellicosae
1922 1342 2156 1416 gentes
2187 1342 2550 1402 summotae

326 1438 589 1522 procul.
673 1438 781 1503 20.
828 1437 1008 1515 Quae
1029 1439 1214 1502 factu
1244 1438 1475 1516 ardua,
1506 1438 1782 1502 facilius
1807 1456 1891 1502 eo
1921 1439 2386 1520 patrabantur,
2409 1457 2555 1520 quo

327 1539 784 1622 implacabilis
810 1539 1074 1604 delictis
1107 1545 1448 1605 strenuum
1495 1560 1834 1624 quemque
1859 1547 1886 1575 ⁰
1926 1541 2229 1622 praemiis
2264 1540 2553 1605 extolle-

943 371 1051 425 DE‘
1092 374 1550 451 cAEsARIBUSJ
1584 374 1750 424 cAP.
1799 372 1956 429 xxa.

1186 1697 1190 1702 -
1254 1688 1621 1711 muOO‘O‘u

327 1784 472 1833 serii.
534 1782 681 1833 Male
701 1783 800 1834 hoc
823 1784 1126 1834 loeo'edunt
1143 1782 1395 1835 decesserit
1418 1785 1687 1835 nonnulli.’
1701 1783 1876 1835 Arnlz.
1942 1783 2006 1833 Iu
2027 1782 2130 1834 fine
2151 1784 2338 1834 nomine
2355 1783 2558 1846 Agar-ro*

330 1850 540 1898 Schott.
565 1849 760 1900 Gaesb.
800 1850 984 1899 Pitisc.
1040 1850 1178 1899 Vide
1212 1852 1364 1900 Nott.
1405 1851 1596 1912 Delph.
1629 1863 1685 1901 et
1720 1853 2011 1901 Varr.—18
2034 1853 2049 1878 ‘
2073 1852 2192 1907 Quae
2214 1853 2278 1899 ad
2310 1865 2365 1899 ea
2395 1851 2548 1899 utilis.

331 1915 625 1976 olivarius,
641 1915 873 1977 vestigiis
898 1916 1029 1964 Mss.
1056 1915 1327 1979 inspectis,
1349 1916 1501 1977 quoad
1524 1916 1664 1965 utilis
1684 1922 1787 1965 erat
1810 1916 2115 1979 reponebat.
2173 1915 2284 1964 Nos
2303 1930 2408 1975 quoe
2435 1917 2550 1963 adeo

328 1980 472 2029 utilis
497 1987 896 2028 tentaveramus.
904 1979 918 2001 '
949 1980 1136 2029 Schott.
1204 1981 1220 2007 ‘
1246 1981 1368 2028 Non
1401 1980 1535 2028 male
1561 1981 1852 2042 olivarius,
1874 1984 2107 2044 quamvis
2148 1987 2359 2040 poterat
2382 1979 2549 2029 adbuc

328 2045 552 2092 retineri
574 2045 775 2108 syllaba
791 2060 879 2092 ea.-
914 2060 1068 2107 quam
1095 2054 1268 2093 tamen
1295 2045 1632 2094 Casaubonus
1664 2017 1949 2095 mutab’at
1937 2061 1987 2093 ιιι
2018 2047 2101 2094 ei.’
2134 2045 2349 2093 Gruter.
2414 2042 2562 2092 Vide'

331 2109 466 2160 Not.
486 2110 679 2172 Delph.
749 2112 765 2138 ‘
790 2111 945 2159 Nunc
973 2126 1161 2173 sequor
1186 2110 1342 2158 Salm.
1365 2110 1428 2158 ad
1448 2111 1626 2186 Spart.
1648 2125 1764 2172 cap.
1783 2114 1863 2159 18.
1916 2109 2095 2158 Ante
2081 2124 2193 2172 ipse
2222 2117 2551 2158 tentaveram

330 2189 429 2237 qua
451 2175 647 2223 adibilis
667 2179 792 2232 erat,
817 2175 868 2222 id
893 2183 991 2234 est,
1023 2177 1039 2203 ⁴
1057 2190 1160 2238 quo
1185 2188 1347 2233 nsque
1373 2175 1543 2236 potuit
1566 2174 1867 2237 perveniri!
1932 2175 2193 2222 laudibilis
2216 2173 2397 2221 laudat
2418 2174 2549 2221 Vos·

331 2238 441 2294 sius
467 2239 533 2287 de
549 2238 662 2287 Vit.
684 2239 851 2287 Serm.
874 2244 1072 2288 111.16.
1094 2255 1157 2288 ex
1190 2238 1369 2287 Sidon.
1394 2238 1572 2301 Apoll.
1605 2239 1694 2287 lib.
1719 2253 1779 2288 ιι.
1817 2237 1972 2302 epist.
1992 2243 2040 2286 3.
2079 2239 2167 2286 ubi
2194 2240 2293 2287 alia
2317 2234 2558 2286 savaro-⁹

328 2303 509 2351 Arnlz.
575 2304 705 2351 Mox
726 2318 810 2366 per
831 2309 1099 2352 transversa
1123 2305 1252 2352 inter
1272 2305 1475 2352 insulam
1509 2304 1575 2352 ab
1612 2304 1821 2365 ingenio
1844 2304 2140 2351 emendavit
2168 2303 2372 2351 Sebott.
2398 2317 2551 2364 quem

328 2367 476 2415 vide.
478 2371 609 2415 -19
644 2368 780 2417 Edd.
807 2377 927 2415 ante
950 2369 1154 2417 Scliott.
1188 2369 1439 2430 proculque
1449 2367 1612 2426 sactu
1647 2370 1829 2432 ‘Lego
1859 2370 2040 2431 procul,
2074 2382 2178 2432 quae
2197 2367 2369 2426 factu.-
2405 2374 2557 2417 recte.

327 2445 449 2480 mea
474 2432 685 2495 quidem
704 2433 988 2492 sententia,
1011 2442 1063 2482 et
1087 2433 1150 2481 ad
1166 2433 1433 2491 Spartiani
1454 2448 1661 2482 sensum
1684 2435 2091 2483 accommodate.
2140 2431 2293 2484 Quod
2319 2433 2554 2495 sequitur

328 2498 437 2555 Ms.
448 2497 653 2558 facilius
672 2514 728 2548 ea
744 2499 1063 2563 patrabantur
1086 2513 1177 2564 quo
1199 2499 1517 2563 implacabilis
1533 2499 1757 2549 delictis.-
1792 2499 1929 2548 forte
1951 2515 2005 2548 eo
2027 2507 2083 2548 et
2100 2513 2189 2562 quo
2210 2497 2553 2561 implacabilior

1337 2627 1387 2676 N
1394 2626 1555 2676 01·AE

264 2748 273 2756 -
329 2724 492 2786 niam,
525 2721 691 2787 (quod
729 2722 1006 2771 maximum
1049 2723 1162 2786 ejus
1197 2723 1402 2785 imperii

330 2800 492 2849 decus
518 2798 625 2863 est)
651 2814 798 2847 muro
831 2815 925 2862 per
955 2806 1303 2848 transversam
1326 2800 1404 2847 in·

1482 2738 1634 2788 quam
1656 2724 1894 2788 despexit
1918 2730 2134 2789 propter
2164 2730 2418 2774 terrarum
2444 2737 2553 2771 ma-

1484 2799 1616 2860 ciem
1640 2800 1885 2860 Severus,
1903 2815 2003 2849 nec
2026 2807 2309 2864 propterea
2328 2800 2551 2849 tributa-

331 2877 497 2925 sulam
523 2874 704 2937 ducto,
728 2876 992 2939 utrimque
1018 2876 1081 2924 ad
1107 2875 1259 2924 finem
1285 2889 1403 2925 oce·-

333 2953 421 2999 aui
458 2951 710 3011 munivit;
744 2952 880 3000 unde
915 2953 1074 3000 etiam
1112 2952 1404 3005 Britannici

332 3041 520 3077 nomen
546 3029 766 3091 accepit.
836 3030 1091 3091 Tripolin,
1128 3030 1266 3079 unde
1301 3031 1404 3080 ori⁴

331 3103 503 3153 nudus
544 3112 679 3162 erat,
723 3105 954 3153 contusis
998 3106 1402 3155 bellicosissimis

332 3182 599 3243 gentibus.
666 3182 1043 3231 securissimam
1115 3181 1361 3231 reddidit.
1386 3181 1401 3204 ’

331 3257 670 3319 Spartianus:
724 3273 841 3320 quae
895 3258 1102 3320 integra
1149 3258 1299 3321 posui
1345 3263 1404 3307 ut

333 3346 453 3381 cum
478 3333 557 3381 his
581 3334 812 3382 Victoris
835 3332 1194 3383 conferantur.

400 3409 425 3443 ¹¹
459 3411 653 3468 Abgaro
701 3410 934 3473 [Agneio]
992 3412 1135 3473 Lege
1189 3410 1403 3471 Abgaru-

332 3487 353 3518 ‘
374 3485 646 3547 Abgarum
671 3484 686 3506 ’
713 3494 868 3534 vocat
891 3500 1048 3549 supra
1072 3486 1403 3547 Spartianus.

403 3561 417 3594 i
446 3558 722 3623 Adiabena]
758 3562 985 3625 Assyriae
1012 3562 1173 3621 regio.

341 3669 344 3674 ·
400 3638 427 3672 k
448 3637 726 3700 Arabicum,
743 3638 980 3687 Adiaben.
1005 3643 1053 3686 et
1072 3639 1272 3702 Parth-J
1300 3638 1402 3687 Ve-

334 3724 423 3765 tus
473 3715 774 3775 inscriptio:
818 3728 867 3762 ι..
898 3725 1210 3764 εΕΡΤιΜινε.
1242 3727 1405 3763 sava-

335 3801 457 3838 RVS.
484 3801 625 3836 Ptvs.
662 3800 974 3838 PERTmAx.
1000 3802 1136 3839 Ave.
1168 3801 1403 3844 ARAmc.

333 3875 737 3913 AntAnEmcvS.
758 3877 1100 3915 PARTmcvs.
1122 3870 1224 3914 ὅτε.

401 3935 415 3974 ⁸
448 3942 779 3996 Britanniam,
813 3958 918 4004 quae
948 3945 1014 3991 ad
1042 3955 1098 3991 ea
1120 3944 1257 3992 utilis
1278 3943 1406 4006 erat]

333 4017 476 4069 Quid
512 4018 644 4065 hoe?
678 4034 785 4079 quoe
815 4021 878 4067 ad
909 4034 964 4067 ea
985 4019 1123 4067 utilis
1143 4025 1276 4069 erat:
1312 4036 1405 4084 op-

333 4097 464 4143 time
497 4096 779 4143 Salmasius
814 4096 951 4157 apud
987 4097 1250 4158 Spartian.
1282 4098 1404 4158 quod

331 4188 390 4221 ea
423 4172 560 4219 utilis
595 4179 735 4221 erate
770 4174 1006 4235 respexit
1040 4174 1180 4221 enim
1217 4172 1405 4222 Victor

334 4246 403 4297 ad
448 4246 503 4295 id
540 4248 687 4311 quod
736 4247 943 4298 dixerat
997 4248 1064 4299 de
1111 4247 1401 4308 Adiabena,

1485 2876 1612 2924 riam
1648 2875 1811 2936 fecit3
1854 2886 1907 2925 at
1943 2878 2293 2940 Britanniam,
2319 2876 2454 2939 quod
2485 2890 2555 2926 ea

1484 2953 1629 3001 utilis
1685 2962 1843 3017 esset,
1896 2968 2042 3004 muro
2099 2961 2395 3003 transverso
2439 2967 2551 3001 mu-

1483 3028 1638 3077 nivit.

1548 3109 1586 3140 ¹¹¹
1619 3104 1790 3167 Maro]
1825 3105 2349 3167 Cespititio'scilicet.
2404 3102 2549 3151 Muri

1483 3180 1675 3229 similes
1700 3181 1819 3229 valli
1840 3183 2048 3244 proprie
2074 3182 2350 3232 dicuntur:
2385 3191 2555 3243 quare⁴

1482 3256 1620 3305 iufra
1655 3256 1970 3319 Epitomista
1994 3266 2147 3306 vocat
2170 3258 2305 3305 hunc
2327 3269 2556 3317 murum,
2612 3259 2621 3271 '

1481 3332 1497 3360 ‘
1522 3332 1707 3380 vallum
1735 3347 1827 3394 per
1851 3346 2048 3382 xxxn.
2073 3346 2316 3396 passuum
2343 3332 2551 3397 milliaa

1482 3409 1615 3457 mari
1652 3407 1716 3456 ad
1753 3423 1894 3456 mare
1929 3408 2185 3458 deduxit.’
2246 3408 2552 3472 Spartianus

1483 3490 1763 3547 utrumque
1805 3486 1975 3547 posuit
2008 3500 2208 3535 murum
2245 3493 2302 3535 et
2325 3487 2550 3544 vallnm;

1484 3559 1633 3624 quasi
1666 3560 1914 3610 dubitans
1954 3570 2071 3611 utro
2117 3561 2271 3612 modo
2314 3562 2550 3625 appelia-

1487 3644 1590 3686 ret·

1548 3720 1573 3748 ¹¹
1613 3713 1813 3775 Tripoli,
1835 3713 1969 3775 cujus
2001 3713 2144 3777 Lepti
2176 3692 2344 3778 oppido
2366 3715 2552 3762 orieba»

1442 3805 1443 3808 ¹
1485 3789 1590 3852 tur]
1634 3790 1871 3852 Tripolis
1918 3797 1972 3839 et
2013 3791 2178 3849 urbis,
2223 3798 2281 3839 et
2324 3792 2552 3849 regionis

1484 3865 1683 3915 Africae
1719 3880 1908 3915 nomen
1944 3874 2052 3916 est:
2088 3867 2171 3915 bic
2206 3881 2301 3930 pro
2338 3869 2553 3928 regione

1484 3942 1738 4003 sumitur,·
1770 3942 1919 4004 cujus
1961 3942 2209 4006 oppidum
2257 3943 2437 4005 Leptis
2482 3942 2552 3991 ad

1488 4017 1778 4080 Cyniphum
1799 4015 2030 4065 fluvium.
2549 4039 2558 4070 ;1

1553 4100 1576 4125 ⁰
1601 4094 1921 4155 Implacabilis
1938 4092 2123 4142 delictis
2134 4098 2377 4142 strenuum
2391 4107 2556 4155 quem-⁴

1486 4170 1599 4235 que]
1631 4173 1896 4233 Spartiaua
1926 4171 1942 4199 ‘
1969 4170 2116 4220 Idem
2155 4186 2272 4219 cum
2297 4172 2554 4232 implaca*

1485 4250 1604 4314 bilis
1629 4250 1855 4305 delictis,
1876 4257 1985 4300 tum
2005 4250 2070 4299 ad
2083 4248 2351 4313 eligendos
2374 4248 2561 4312 indus<
