3023 4942
494 393 628 460 392

1098 410 1328 460 sexu
1377 411 1702 461 aunum!
1754 412 2107 464 VICTORIS

495 560 663 629 rent,
697 554 1047 622 exitiosos.
1132 556 1241 622 14.
1285 555 1487 623 Unde
1531 558 1769 625 merito
1801 559 2004 627 Pater
2034 558 2287 625 Patriae
2317 558 2544 626 dictus
2577 553 2698 627 est.

496 653 700 721 Vixit
732 676 942 722 annos
973 659 1331 741 sexaginta
1357 667 1693 745 quatuor.r
2119 669 2120 672 ’

1422 824 1797 847 “unm

490 916 662 979 aginta
685 919 805 969 cod.
825 920 1040 971 membr.
1061 934 1146 985 ap.
1164 921 1343 971 Vinet.
1386 922 1504 973 XL.
1530 896 1679 975 Leid.
1693 928 1877 976 2.-14
1899 925 2060 974 Annos
2071 924 2274 976 Sebott.
2293 923 2490 974 Gaesb.
2507 925 2698 989 Delph-

492 983 683 1035 Pitise.
731 985 876 1036 mis
897 983 1049 1036 Leid-
1068 990 1117 1036 1.
1142 1000 1259 1037 eum
1283 988 1558 1038 vett-edd.

1490 1118 1711 1170 NOTA-2

488 1220 679 1257 novum
701 1208 858 1258 ullum
889 1206 1163 1260 aedifieium
1180 1210 1245 1261 ad
1272 1211 1403 1262 viam
1428 1213 1561 1278 pub-

488 1282 640 1333 licam
662 1283 857 1335 factum
885 1287 1025 1336 ultra
1057 1300 1189 1351 Lxx.
1218 1288 1382 1352 pedes
1403 1291 1557 1338 attol-

1631 1214 1698 1264 ad
1723 1214 1884 1278 pedes
1907 1227 1997 1265 Lx.
2020 1215 2309 1265 revocavit.

1666 1298 1687 1323 Ρ
1707 1288 1847 1340 Vixit
1854 1306 2000 1340 annos
2010 1291 2197 1355 [annis]
2208 1290 2461 1351 sexaginta
2469 1290 2697 1355 quattuor]

486 1359 704 1412 leretur.
741 1361 951 1428 Strabo,
967 1363 1125 1416 lib-V.
1160 1365 1415 1430 Trajanus
1430 1379 1555 1416 vero
1626 1366 1795 1417 Immo
1817 1368 1964 1417 annis
1983 1370 2066 1417 68.
2089 1381 2256 1418 mens.
2279 1371 2329 1417 9.
2352 1366 2538 1418 diebus
2560 1372 2612 1417 4.

1341 1724 1556 1792 CAP.
1609 1726 1824 1792 XIV.

1197 1878 1447 1927 AEmus
1494 1879 1983 1928 HAmuANos.

570 2008 632 2071 1.
679 2007 951 2074 AEmus
989 2010 1491 2089 HADRIANUS,
1515 2012 1745 2097 stirpis
1777 2013 2095 2086 Italicae,¹²
2125 2013 2309 2078 AElio
2331 2012 2691 2079 Hadriano

481 2109 760 2193 Trajani
789 2111 1113 2197 principis
1163 2116 1575 2179 consobrino
1600 2114 1627 2152 b
1684 2114 1917 2181 Adriae
1950 2124 2097 2180 orto
2140 2117 2458 2199 genitnS‚⁶
2510 2114 2691 2198 quod

484 2212 811 2296 oppidum
860 2215 1003 2297 agri
1032 2215 1273 2282 Piceni
1292 2213 1324 2252 ‘¹
1360 2217 1569 2281 etiam
1618 2218 1789 2283 mari
1817 2218 2176 2283 Adriatico
2206 2237 2449 2284 nomen
2480 2216 2691 2294 dedit,

1409 2380 1782 2402 OOOWW

547 2476 682 2526 cu.
706 2489 826 2526 x1v.
893 2481 918 2526 1
955 2477 1202 2529 Adrianus
1238 2480 1323 2529 hie
1359 2487 1414 2531 et
1450 2481 1645 2545 ubique
1670 2480 1793 2531 Ald.
1831 2481 2038 2531 Schott.
2070 2480 2138 2530 G.
2172 2481 2247 2530 D.
2281 2479 2348 2529 P.
2418 2479 2689 2529 Praeterea

479 2541 610 2590 Mes.
631 2558 715 2605 ap.
736 2542 939 2592 Schott.
956 2542 1129 2607 stirpis
1154 2545 1313 2604 Itala,
1334 2551 1519 2595 contra
1540 2561 1678 2595 omn.
1701 2545 1854 2595 codd.
1876 2550 1976 2596 ἃς.
2001 2561 2086 2609 ap.
2113 2544 2309 2595 Arntz.
2354 2545 2482 2593 Mox
2505 2546 2617 2608 quia
2636 2546 2688 2594 id

479 2606 704 2670 oppidum
738 2607 849 2669 agri
876 2607 1037 2671 piceni
1072 2607 1196 2661 Ald.
1249 2611 1388 2660 Mari
1423 2611 1671 2661 Adriatici
1709 2611 1860 2661 Leid.
1880 2614 1932 2660 2.
1967 2617 2024 2660 et.
2057 2611 2175 2674 imp.
2214 2609 2359 2659 aunis
2380 2609 2515 2659 XII.
2560 2609 2685 2660 Ald.

1473 2754 1698 2806 NOTA-2

542 2852 567 2879 ⁸
600 2845 784 2909 Stirpis
800 2846 1150 2912 Italicoe],1·loe
1167 2859 1252 2901 est
1268 2865 1334 2900 ex
1351 2850 1544 2903 Italica

477 2921 750 2986 Hispanias
775 2925 902 2975 urbe
922 2926 1189 2978 oriundus.
1242 2928 1346 2977 Sed
1365 2930 1542 2978 nescio

474 3013 541 3049 an
559 2999 657 3050 boe
672 3015 826 3050 sensu
843 3001 948 3053 diei
968 3004 1129 3065 possit
1142 3004 1312 3067 stirpis
1326 3005 1542 3055 Italica.-

470 3076 628 3124 immo
636 3091 813 3127 verum
826 3085 904 3128 est
912 3081 1049 3144 quod
1060 3081 1198 3144 apud
1208 3081 1540 3144 Spartianum

470 3154 675 3202 notavit
688 3155 1055 3205 illustrissimus
1066 3156 1541 3218 casaubonus‚stir-

465 3229 742 3292 pisItalicoe
752 3230 824 3279 nil
839 3230 976 3280 aliud
993 3231 1123 3280 velle
1136 3246 1289 3295 quam
1298 3231 1541 3282 Ἰταλικοῦ

469 3302 659 3365 γένους.
699 3306 786 3355 Ita
803 3313 862 3354 ut
877 3306 1061 3355 Victor
1078 3306 1418 3367 Hadrianum,
1434 3323 1542 3359 non

469 3379 661 3429 Italica
689 3379 960 3443 Hispaniae
990 3381 1116 3430 urbe
1152 3381 1426 3432 oriundum
1460 3384 1536 3434 di·

469 3464 589 3519 eat3
623 3457 713 3506 sed
751 3458 905 3521 plane
932 3470 963 3505 e
994 3458 1275 3519 contrario,
1299 3458 1533 3509 dissimu-

466 3531 583 3581 lans
610 3531 859 3597 originem
895 3531 1033 3580 illius
1067 3532 1422 3597 Hispanicum,
1444 3544 1539 3586 aut

471 3609 619 3671 quasi
644 3623 750 3657 rem
774 3614 946 3658 notam
968 3610 1203 3659 omnibus
1221 3614 1537 3674 praetermit-

468 3690 609 3744 tens,
633 3684 825 3744 Italiae,
841 3692 1088 3749 quantum
1113 3692 1306 3750 potest,
1323 3698 1537 3739 asserat.

464 3761 611 3812 Quin
626 3761 864 3825 plerique
877 3760 996 3810 libri
1013 3761 1200 3825 scripti
1212 3779 1313 3814 non
1329 3766 1536 3822 Italica»,

466 3837 561 3885 sed
586 3837 729 3887 Itale
751 3835 1041 3900 praeferuut
1063 3852 1127 3888 eo
1148 3839 1270 3890 loci.
1326 3842 1397 3890 Et
1420 3842 1535 3904 ipse

467 3912 657 3962 Victor
688 3927 744 3962 se
777 3913 944 3976 ipsum
969 3915 1217 3978 explicat,
1242 3915 1362 3965 dum
1387 3918 1536 3966 addit

467 3995 485 4018 ‘
508 3988 646 4038 AElio
683 3987 917 4039 Adriano
951 4023 967 4040 .
990 4020 1004 4037 .
1025 4023 1040 4040 .
1077 3989 1256 4040 Adriae
1295 3998 1413 4042 orto
1445 4007 1534 4055 ge-

461 4064 648 4115 nitus!

531 4141 556 4175 b
593 4141 791 4203 Traiani
816 4142 1050 4206 principis
1065 4141 1361 4206 consobrino]
1394 4143 1532 4194 AElio

464 4216 602 4266 AElio
632 4218 889 4268 Hadriani
923 4218 1261 4282 Imperatoris
1284 4231 1381 4268 avo
1403 4234 1528 4270 con-

458 4294 556 4359 jux
591 4292 695 4346 fuit
727 4294 907 4361 Ulpia,
928 4295 1006 4347 M.
1026 4294 1174 4360 Ulpii
1206 4295 1419 4361 Trajani
1446 4311 1529 4348 so-

1624 2864 1731 2907 ror,
1756 2849 1967 2913 Trajsni
2007 2849 2231 2912 Augusti
2264 2849 2440 2899 amita.
2507 2850 2687 2913 Traja-

1621 2940 1718 2976 nus
1741 2927 1904 2990 igitur
1928 2925 2220 2989 Imperator
2238 2933 2293 2975 et
2320 2932 2473 2988 pater
2495 2926 2688 2976 Hadri-

1624 3003 1709 3052 ani
1746 3003 1984 3060 Caesaris,
2018 3009 2077 3051 ut
2112 3016 2178 3051 ex
2216 3000 2385 3050 fratre
2419 3010 2475 3051 et
2509 3016 2686 3051 sorore

1620 3079 1733 3128 nati
1755 3080 1980 3141 amitini,
2001 3079 2225 3128 invicem
2244 3076 2476 3128 fuerunt.
2542 3079 2684 3129 Quos

1622 3156 1776 3205 etiam
1825 3154 2157 3206 consobrinos
2203 3155 2470 3204 nominare
2517 3156 2686 3204 solent

1623 3231 1817 3294 Latini,
1861 3239 1920 3281 ut
1964 3239 2020 3282 et
2065 3230 2464 3295 jurisconsultus
2518 3239 2683 3280 notat.

1622 3307 1847 3357 Casaub.
1883 3306 2020 3369 apud
2057 3306 2322 3371 Spartian.

1684 3389 1708 3416 ‘²
1738 3384 1872 3432 AElio
1887 3382 2142 3432 Hadriano
2166 3414 2180 3430 .
2206 3414 2222 3430 .
2247 3414 2263 3432 .
2283 3380 2455 3430 Aartae
2477 3386 2583 3430 orto
2599 3396 2682 3442 ge·

1596 3460 1775 3524 witus]
1801 3460 2071 3523 Spartian.
2085 3457 2306 3521 primulo
2329 3458 2501 3507 initio:
2537 3457 2554 3484 ‘
2567 3458 2683 3506 Ori·

1616 3550 1683 3598 go
1720 3534 2061 3598 Imperatoris
2093 3532 2347 3583 Hadriani
2378 3534 2632 3583 vetustior
2651 3546 2683 3581 a

1613 3611 1942 3667 Picentibus,
1973 3611 2233 3674 posterior
2266 3610 2333 3659 ab
2367 3609 2680 3672 Hispanien-

1614 3687 1755 3737 sibus
1795 3694 2004 3735 mauatz
2050 3685 2303 3749 siquidem
2344 3684 2510 3734 Adria
2542 3694 2680 3735 ortos

1611 3763 1836 3825 majores
1876 3775 1992 3810 suos
2029 3760 2166 3824 apud
2203 3760 2440 3809 Italicam
2477 3760 2678 3825 Scipio·

1614 3854 1736 3889 num
1775 3836 2095 3903 temporibus
2134 3838 2409 3892 resedisse,
2442 3837 2494 3885 in
2535 3837 2679 3886 libris

1615 3916 1740 3966 vitaz
1773 3930 1884 3964 suae
1917 3914 2213 3963 Hadrianus
2235 3914 2349 3976 ipse
2371 3925 2679 3961 commemo·

1612 3998 1712 4042 rat.
1789 3990 2057 4040 Hadriano
2094 3994 2246 4051 pater
2281 3986 2445 4036 AElius
2486 3987 2677 4036 Hadri·

1612 4082 1743 4116 anus
1791 4075 2138 4130 cognomento
2171 4062 2319 4120 Afer,
2354 4060 2460 4112 fnit
2496 4077 2674 4113 conso·

1615 4143 1796 4194 brinus
1812 4141 2022 4207 Trajani
2045 4138 2421 4201 Imperatoris,⁹
2438 4143 2538 4189 &c-

1682 4220 1707 4255 d
1744 4220 1983 4284 Oppidum
2000 4217 2114 4279 agri
2132 4215 2332 4279 Piceni]
2365 4215 2429 4264 In
2449 4214 2673 4267 inferiori

1610 4304 1763 4363 parte
1778 4297 1937 4362 juxta
1957 4293 2221 4357 Vestinos,
2243 4290 2308 4341 ad
2333 4304 2495 4343 mare.
