3023 4942
461 371 547 443 52
1054 385 1286 437 snxrr
1337 387 1663 435 Aunnnn
1719 388 2065 437 vrc'roms

1343 592 1555 659 CAP.
1615 594 1722 659 VI
1732 595 1786 661 Ι.

463 740 901 791 Annumnnwn.
947 737 1067 786 Alia
1090 752 1119 786 e
1140 737 1287 786 libris
1306 736 1682 802 pontificalium
1706 737 1775 788 de
1798 737 2048 796 Hercule,
2072 740 2288 805 eJusque
2311 739 2463 790 boum
2484 754 2670 806 grege,

527 830 582 872 et
605 820 754 871 caede
778 819 995 869 latronis
1018 818 1162 868 Caci.

546 953 611 1016 l.
658 950 847 1015 HAEo
881 948 1166 1014 Cassius
1194 948 1312 1012 lib.
1345 965 1392 1011 1.
1467 945 1567 1010 At
1599 966 1755 1012 vero
1786 948 1855 1012 in
1896 949 2085 1013 libris
2112 948 2606 1032 pontificalium
2630 948 2660 989 ‘¹

459 1053 746 1117 traditur
778 1051 1147 1129 Hercules,
1188 1049 1368 1114 Jove
1408 1055 1610 1133 atque
1645 1048 1977 1115 Alcmena
2018 1051 2304 1131 genitus,
2343 1058 2662 1137 superato

459 1154 839 1245 Geryone,⁸·
876 1172 1083 1236 agens
1133 1151 1363 1217 nobile
1407 1149 1827 1231 armentum,f
1865 1153 2157 1237 cupidus
2209 1152 2355 1237 ejus
2400 1154 2660 1236 generis

456 1259 667 1322 boves
713 1259 783 1321 in
829 1256 1101 1321 Graecia
1152 1254 1573 1333 instituendi,
1617 1256 1786 1320 forte
1830 1255 1899 1320 in
1941 1275 2022 1320 ea
2064 1257 2217 1321 loca
2260 1258 2544 1334 venisse,
2595 1261 2664 1320 et

454 1361 767 1424 ubertate
795 1359 1023 1444 pabuli
1055 1356 1448 1436 delectatus,
1480 1363 1556 1422 ut
1593 1378 1682 1422 ex
1720 1358 1920 1440 longo
1949 1359 2198 1423 itinere·
2213 1344 2662 1423 homines‘sui

455 1468 526 1525 et
555 1479 804 1544 pecora
844 1459 1292 1536 reficerentur,
1335 1459 1747 1542 aliquamdiu
1793 1459 2023 1525 sedem
2061 1461 2156 1525 ibi
2199 1460 2662 1525 constituisse.

452 1564 521 1629 2.
569 1561 745 1641 Quae
776 1582 927 1627 cum
954 1562 1023 1626 in
1053 1561 1252 1638 valle,
1286 1561 1403 1625 ubi
1432 1581 1609 1625 nnnc
1640 1568 1748 1626 est
1776 1560 2063 1627 Circus⁸
2109 1562 2477 1640 MaximuS,
2500 1581 2659 1645 pas-2

459 1672 781 1742 cerentur,
809 1663 1111 1746 neglecta
1138 1662 1477 1739 custodia,
1519 1663 1702 1746 quod
1729 1683 1921 1728 nemo
1957 1664 2344 1730 credebatur
2373 1681 2661 1728 ausurus

458 1768 717 1831 violare
750 1765 1071 1829 Herculis
1098 1763 1424 1847 praedam,
1454 1765 1777 1829 latronem
1807 1766 2139 1848 quendam
2170 1767 2462 1850 regionis
2484 1765 2663 1849 ejus—

460 1870 637 1946 dem,
668 1866 1117 1950 magnitudine
1161 1868 1469 1950 corporis
1511 1875 1581 1932 et
1611 1868 1854 1932 virtute
1886 1868 2123 1933 ceteris
2161 1868 2661 1954 praevalentem,

460 1979 624 2041 octo
648 1973 861 2036 boves
882 1971 951 2033 in
980 1970 1392 2054 speluncam,
1418 1988 1559 2052 qno
1587 1970 1809 2034 minus
1835 1969 2078 2034 furtum
2101 1969 2401 2053 vestigiis
2433 1968 2664 2050 colligi

453 2079 711 2158 posset,
775 2072 1019 2138 caudis
1081 2073 1529 2137 abstraxisse.
1614 2071 1679 2135 3.
1741 2069 2047 2154 Cumque
2106 2070 2261 2135 inde
2315 2070 2660 2135 Hercules

452 2177 909 2259 proficiscens,
940 2174 1263 2265 reliquum
1295 2178 1663 2239 armentum
1709 2192 1882 2238 casu
1917 2177 2158 2257 praeter
2197 2173 2477 2237 eandem
2506 2192 2660 2257 spe-

416 2342 423 2350 ,
451 2272 721 2342 lunca'm
761 2282 1013 2360 ageret,
1046 2276 1219 2343 forte
1262 2276 1556 2360 quadam
1588 2277 1887 2341 inclusas
1922 2277 2138 2341 boves
2169 2275 2661 2340 transeuntibus

455 2379 860 2463 admugisse,
918 2388 1121 2463 atque
1174 2380 1270 2445 ita
1314 2379 1564 2444 furtum
1612 2380 1988 2445 detectum:
2056 2383 2123 2442 4.
2179 2379 2663 2465 interfectoque

452 2481 666 2561 Cac0,
696 2482 1105 2556 Evandrum,
1135 2502 1205 2548 re
1246 2492 1618 2568 comperta,
1655 2483 1911 2568 hospiti
1953 2484 2218 2548 obviam
2250 2483 2482 2558 ivisse,
2512 2500 2661 2563 gra-

452 2592 732 2661 tantem,
763 2584 950 2668 quod
994 2593 1182 2650 tanto
1217 2584 1400 2649 malo
1446 2585 1614 2673 fines
1661 2606 1824 2650 suos
1853 2586 2240 2666 liberasset3
2286 2591 2662 2666 comperto-

452 2706 607 2770 que,
651 2687 893 2769 qnibus
933 2688 1320 2769 parentibus
1368 2693 1556 2772 ortus
1595 2695 1780 2751 esset
1820 2686 2179 2764 Hercules,
2211 2706 2348 2751 rem
2394 2688 2513 2764 ita,
2560 2687 2661 2750 uti

452 2794 595 2853 erat
622 2793 835 2871 gesta,
866 2787 952 2852 ad
990 2787 1302 2853 Faunum
1330 2789 1713 2872 pertulisse.
1800 2788 1975 2853 Tum
2006 2809 2156 2853 eum
2186 2807 2460 2872 quoque
2493 2788 2660 2852 ami-

452 2892 689 2955 citiam
724 2889 1050 2954 Herculis
1083 2890 1520 2975 cupidissime
1546 2892 1919 2976 appetisse.
2009 2888 2234 2968 Quam
2270 2890 2658 2973 opinionem

453 2996 648 3079 sequi
676 2994 920 3059 metuit
947 2999 1172 3058 noster
1205 2990 1460 3057 Maro.h
1545 2995 1546 2998 ’

1372 3122 1675 3146 ΝΟΜΝΝ
1679 3124 1741 3144 ‘O

519 3211 654 3260 cn.
677 3224 781 3260 vu.
831 3213 863 3258 4
897 3209 1179 3259 ‘Schottus
1202 3210 1425 3275 conjecit
1467 3210 1641 3259 maluit
1677 3224 1771 3272 pro
1793 3210 1958 3262 metuit
1974 3225 1994 3269 ,·
2026 3208 2270 3273 Sylbnrg.
2301 3210 2436 3273 sequi
2469 3211 2665 3270 meruit,

451 3276 502 3324 h.
528 3289 576 3323 e.
618 3290 719 3324 non
757 3276 1070 3337 dedignatus
1094 3282 1172 3324 est
1207 3278 1378 3338 sequi,
1399 3275 1610 3336 dignam
1647 3274 1797 3324 duxit
1836 3290 1986 3335 qnam
2023 3281 2350 3339 sequeretur,
2388 3290 2500 3337 quae
2538 3290 2662 3324 con·

443 3341 659 3403 jectura
680 3347 758 3389 est
785 3340 1065 3401 ingeniosa,
1090 3355 1377 3404 parumque
1399 3341 1549 3391 abest
1574 3340 1639 3389 ab
1663 3340 1873 3402 ingenio
1898 3340 2069 3389 saeculi
2097 3355 2197 3402 qno
2220 3341 2432 3401 scripsit
2460 3348 2663 3401 auctor,

449 3412 509 3467 et
548 3404 614 3452 ab
646 3404 914 3453 literarum
940 3408 1130 3464 ductn;
1165 3407 1418 3455 Arntzen.
1456 3414 1610 3469 putat
1644 3405 1899 3453 excidisse
1935 3420 2047 3468 non,
2071 3406 2207 3470 quod
2242 3404 2433 3454 factum
2470 3406 2659 3467 saepius

451 3476 554 3528 est,
575 3478 631 3520 et
662 3469 935 3531 le'gendnm
965 3470 1101 3532 sequi
1121 3485 1214 3519 non
1238 3470 1408 3521 metuit
1431 3487 1447 3519 .·
1476 3471 1744 3520 Grunerns
1781 3484 1931 3533 posse
1966 3471 2144 3534 reponi
2180 3484 2383 3535 quoque
2418 3471 2662 3534 opinatur

449 3550 536 3584 nec
554 3535 687 3598 sequi
707 3532 916 3584 metuit?
950 3534 1102 3584 Harl.
1440 3598 1658 3649 NOTAE

506 3696 538 3769 ,ἅ
573 3697 634 3745 In
664 3696 801 3746 libris
829 3697 1198 3762 pontificalium]
1253 3697 1395 3749 Quos
1439 3712 1519 3746 se·
1597 3704 1743 3748 nant.
1809 3698 2055 3761 Apollod.
2077 3697 2167 3748 lib.
2194 3712 2254 3748 n.

449 3780 681 3835 quuntnr
703 3774 850 3836 Virg.
877 3774 963 3822 lib.
987 3786 1117 3823 vm.
1133 3773 1289 3823 Ovid.
1310 3774 1455 3822 Fast.
1477 3787 1518 3822 ι.
1667 3772 1687 3807 t
1707 3775 1882 3824 Nobile
1903 3775 2197 3839 armentum]
2230 3775 2381 3828 Quod
2405 3773 2503 3825 suit
2520 3776 2658 3826 colo·

452 3847 569 3898 Liv.
590 3847 684 3896 lib.
704 3861 743 3896 1.
768 3848 974 3912 aliique.
1598 3851 1668 3899 ris
1690 3851 1915 3914 punicei.

515 3931 538 3956 e
574 3923 817 3988 Geryone]
882 3925 1186 3989 Chrysaoris
1231 3931 1287 3974 et
1331 3925 1513 3975 Callir·
1660 3935 1686 3970 Β
1726 3927 1821 3975 Ubi
1841 3943 1965 3976 nunc
1995 3932 2067 3976 est
2104 3926 2298 3991 Circus]
2336 3924 2561 3976 Palatini
2587 3928 2658 3974 la·

452 3999 602 4049 rhoe's
619 3998 755 4049 filius
768 3998 869 4048 fuit
882 4000 1151 4063 Geryone,
1172 4001 1326 4051 trium
1351 4001 1516 4050 homi·
1600 4010 1711 4052 tere
1734 3993 2078 4058 meridionali,
2104 4002 2238 4063 qnod
2263 4000 2527 4050 Aventino
2562 4017 2653 4065 op·

450 4091 572 4124 num
616 4091 834 4139 corpore
881 4078 1154 4138 praeditus.
1223 4077 1518 4127 Habitabat
1599 4080 1823 4143 positum
1848 4085 1946 4128 est.
2012 4079 2134 4127 Non
2159 4078 2304 4138 longe
2327 4092 2356 4125 a
2377 4077 2568 4126 Tiberi.

448 4150 733 4215 Erytheam
782 4152 1021 4211 insulam,
1065 4166 1167 4199 non
1216 4156 1398 4216 procul
1449 4155 1517 4205 ab
1664 4154 1687 4187 ¹¹
1723 4155 1870 4218 Sequi
1900 4153 2068 4203 metuit
2103 4160 2263 4202 noster
2283 4153 2451 4216 Maro]
2488 4154 2655 4203 Immo

451 4243 666 4292 oceano,
708 4243 860 4294 quam
911 4242 1048 4278 nunc
1095 4228 1308 4281 Gadera
1353 4232 1517 4282 nomi·
1595 4232 1796 4282 maluit.-
1832 4239 1887 4281 et
1921 4233 1996 4281 ita
2025 4231 2232 4280 omnino
2272 4231 2565 4295 legendum,
2596 4232 2684 4279 ut·
