3023 4942
357 2047 363 2051 >
459 2013 758 2089 cuparet‚
813 2014 1019 2090 atque
1067 2007 1137 2070 in
1190 2027 1273 2071 ea
1318 2009 1499 2090 regni
1529 2027 1854 2070 summam
1887 2012 2161 2069 teneret.

455 345 544 409 76
1049 361 1280 410 sexu
1330 360 1655 411 Aunssnn
1711 361 2066 410 vic'roms

1264 613 1478 678 GAP.
1539 613 1851 678 XXIII.

600 765 1040 816 ἈιιῦυΜΕΝτυΜ.
1106 765 1314 814 Romuli
1340 771 1395 815 et
1416 767 1563 814 Remi
1590 765 1851 829 cqntentio
1876 764 1940 813 de
1963 763 2102 814 urbis
2140 765 2511 829 appellatione.

1043 846 1120 896 Ea
1141 847 1353 909 augurio
1375 860 1467 896 cur
1491 851 1661 909 capta.
1728 845 1879 894 Remi
1903 845 2092 895 caedes,

546 987 611 1050 1.
656 986 829 1051 CUM
861 985 1058 1068 igitur
1086 985 1259 1051 inter
1303 1005 1379 1050 se
1427 986 1767 1051 Romulus
1811 991 1876 1050 et
1905 985 2163 1050 Remus
2192 985 2279 1050 de
2309 985 2661 1051 condenda

457 1091 621 1153 urbe
653 1093 1036 1160 tractarent,
1065 1088 1135 1151 in
1183 1108 1318 1170 qua
1360 1089 1493 1171 ipsi
1522 1090 1766 1172 pariter
1795 1094 2157 1171 regnarent,
2190 1086 2659 1171 Romulusque

456 1190 711 1266 locum,
742 1192 858 1275 qui
883 1191 1015 1254 sibi
1040 1189 1325 1253 idoneus
1355 1189 1710 1268 videretur,
1741 1190 1811 1253 in
1844 1195 2065 1252 monte
2100 1189 2417 1252 Palatino
2446 1187 2659 1270 desig-
2709 1222 2716 1225 -

455 1300 663 1368 naret,
694 1293 1123 1375 Romamque
1148 1293 1473 1375 appellari
1503 1293 1704 1356 vellet
1723 1314 1742 1372 ;
1764 1301 1787 1328 ⁶
1829 1298 2190 1374 contraque
2219 1291 2373 1353 item
2399 1288 2663 1355 Remus

456 1395 526 1458 in
558 1395 692 1458 alio
724 1391 951 1471 colle,f
986 1395 1102 1477 qui
1143 1395 1380 1458 aberat
1409 1413 1452 1458 a
1483 1393 1756 1458 Palatio
1803 1394 2097 1457 millibus
2145 1392 2469 1475 quinque,
2500 1410 2658 1455 eun-

458 1496 745 1580 demque
776 1496 994 1563 locum
1028 1515 1120 1560 ex
1169 1515 1293 1560 suo
1343 1498 1609 1561 nomine
1659 1495 2048 1560 Remurium
2068 1503 2094 1540 Β
2127 1495 2524 1577 appellaret,
2553 1513 2659 1556 ne-

457 1617 587 1683 que
617 1618 700 1661 ea
727 1598 900 1663 inter
941 1617 1059 1662 eos
1108 1599 1404 1662 finiretur
1444 1599 1804 1675 contentio,
1852 1618 1983 1662 avo
2034 1596 2387 1661 Numitore
2415 1596 2663 1659 arbitro
2767 1596 2770 1597 *

458 1701 700 1778 ascito,
733 1696 992 1784 placuit
1017 1701 1506 1784 disceptatores
1550 1701 1696 1785 eJus
1737 1699 2214 1765 controversiae
2254 1698 2665 1794 immortales

458 1801 652 1866 Deos
681 1821 987 1883 sumere3
1029 1803 1128 1866 ita
1166 1811 1267 1876 ut,
1311 1804 1447 1867 utri
1495 1822 1732 1867 eorum
1784 1803 1991 1885 priori
2031 1801 2322 1865 secunda
2353 1800 2663 1882 auspicia

459 1903 918 1982 obvenissent,
955 1905 1182 1969 urbem
1236 1904 1570 1982 conderet,
1617 1924 1895 1988 eamque
1929 1923 2018 1968 ex
2049 1923 2177 1967 suo
2206 1903 2473 1966 nomine
2500 1921 2664 1964 nun-—

2248 2006 2313 2070 2.
2360 2002 2662 2086 Cumque

460 2111 926 2192 auspicaretur
972 2110 1318 2175 Romulus
1366 2113 1435 2175 in
1484 2106 1813 2187 Palatio,¹¹
1865 2109 2123 2172 Remus
2177 2107 2249 2170 in
2302 2105 2662 2184 Aventino,

457 2229 590 2273 sex
622 2208 958 2276 vulturesi
989 2215 1240 2297 pariter
1270 2213 1577 2276 volantes
1610 2232 1654 2276 a
1687 2213 1962 2275 sinistra
1990 2209 2212 2274 Remo
2241 2210 2430 2292 prius
2457 2209 2664 2287 visoS‚

458 2314 728 2396 tumque
761 2316 847 2379 ab
880 2335 964 2380 eo
994 2315 1262 2394 missos,
1280 2315 1397 2399 qui
1420 2313 1722 2379 Romulo
1746 2315 2146 2390 nuntiarent,
2176 2312 2307 2376 sibi
2325 2310 2472 2395 jam
2504 2310 2666 2374 data

459 2418 790 2500 auspicia,
822 2419 1070 2504 quibus
1112 2419 1395 2485 condere
1440 2420 1671 2484 urbem
1714 2417 2082 2502 juberetur,
2112 2417 2342 2498 itaque
2373 2421 2664 2477 matura-

457 2525 567 2581 ret
597 2520 681 2582 ad
711 2541 787 2584 se
821 2523 1059 2585 venire.
1146 2522 1212 2583 3.
1259 2519 1566 2605 Cumque
1613 2520 1701 2584 ad
1750 2540 1908 2583 eum
1959 2517 2298 2583 Romulus
2345 2516 2661 2590 venisset,

459 2623 982 2707 quaesissetque,
1035 2642 1344 2705 quaenam
1390 2622 1509 2686 illa
1561 2622 1868 2705 auspicia
1904 2622 2215 2695 fuissent,
2249 2619 2667 2701 dixissetque

455 2721 591 2793 ille,
616 2724 745 2787 sibi
769 2726 1153 2808 auspicanti
1180 2744 1304 2787 sex
1334 2724 1660 2809 vulturios
1680 2724 1885 2788 simul
1910 2723 2347 2807 apparuisse:
2396 2720 2492 2786 At
2515 2739 2666 2801 ego,

457 2822 683 2907 inquit
713 2826 1073 2905 Romulu8‚
1111 2826 1258 2910 ja'm
1289 2827 1414 2891 tibi
1459 2823 1866 2892 duodecimk
1898 2824 2407 2904 demonstrab03
2453 2843 2536 2887 ac
2564 2843 2662 2886 re-

1462 2977 1679 3027 NOTAE

514 3077 537 3103 θ
578 3071 865 3135 Romamque
908 3073 1139 3135 appellari
1172 3072 1340 3140 vellet]
1395 3075 1521 3124 Non

457 3148 620 3197 solum
654 3148 868 3198 Romam
907 3149 1162 3211 appellari
1195 3152 1391 3212 voluit3
1427 3151 1518 3199 sed

459 3230 516 3276 et
571 3230 586 3252 ‘
621 3224 838 3272 Romam
891 3219 1194 3288 quadratam
1228 3224 1243 3245 '
1297 3228 1520 3278 vocavit.

459 3300 602 3349 Vide
628 3300 770 3349 Fest.
793 3301 846 3349 in
867 3303 883 3329 ‘
903 3301 1174 3353 Quadrata
1200 3302 1408 3352 Roma!

522 3373 545 3407 f
574 3375 637 3423 In
659 3376 752 3424 alio
773 3377 913 3440 colle]
951 3375 1228 3427 Aventino.
1298 3378 1467 3429 Infra.

522 3460 549 3498 ,ε
582 3451 889 3516 Remurium]
923 3452 1106 3502 Festus
1139 3454 1193 3504 in
1230 3470 1356 3504 voce
1380 3457 1396 3485 ‘
1423 3457 1524 3506 Re-

454 3527 728 3591 murinus,'
761 3529 854 3577 sed
888 3536 904 3559 ‘
927 3536 982 3579 et
1003 3530 1185 3590 locus,'
1216 3532 1400 3597 inquit,
1433 3540 1448 3562 ⁸
1468 3534 1525 3583 in

458 3620 658 3654 summo
701 3604 962 3655 Aventino
1014 3607 1259 3657 Remoria
1312 3610 1525 3671 dieitur,

458 3682 564 3732 Ubi
600 3683 787 3730 Remus
813 3682 878 3730 de
904 3682 1031 3731 urbe
1056 3683 1329 3734 condenda
1352 3684 1527 3736 fuerat

458 3756 794 3820 auspicatus!
849 3759 1002 3808 Unde
1024 3768 1172 3823 patet
1197 3768 1358 3810 aetate
1380 3762 1528 3812 Festi

457 3835 738 3885 Remurium
760 3836 1015 3885 extitisse.

525 3907 550 3942 ¹¹
573 3910 802 3959 Romulus
814 3911 867 3958 in
889 3909 1108 3973 Palatio]
1129 3911 1328 3960 Ennius
1351 3919 1525 3964 tamen

456 3987 512 4037 in
544 3985 809 4036 Aventino
844 3986 1121 4035 Romulum
1157 3986 1223 4034 de
1253 3989 1384 4038 coelo
1416 4004 1523 4039 ser-

457 4078 607 4117 vasse
642 4064 772 4112 dicit
797 4064 889 4112 lib.
926 4078 964 4114 1.
1000 4071 1015 4093 ‘
1039 4065 1114 4114 At
1137 4066 1386 4116 Romulus
1413 4069 1523 4131 pol-

458 4154 550 4190 cer
571 4142 623 4190 in
646 4140 752 4189 alto
775 4140 981 4189 Quaerit
1003 4138 1287 4203 Aventino,
1311 4158 1523 4193 servans

460 4230 625 4282 genus
652 4213 1046 4276 altivolantuml
1113 4217 1283 4272 Quem
1316 4219 1525 4273 videtur

1601 3083 1807 3125 secutus
1843 3072 2000 3123 Ovid.
2039 3073 2186 3121 Fast.
2221 3085 2301 3120 ιν.
2340 3070 2357 3098 ‘
2380 3069 2531 3120 Alter
2568 3069 2666 3119 init

1602 3151 1857 3200 nemorosi
1882 3164 2009 3198 saxa
2031 3149 2236 3197 Palati:
2275 3147 2427 3197 Alter
2450 3147 2668 3196 Aventi-

1603 3241 1726 3275 num
1765 3241 1916 3275 mane
1951 3222 2197 3274 cacumen
2235 3224 2348 3273 init.
2417 3225 2521 3273 Sex
2568 3224 2669 3273 Re-

1604 3316 1750 3361 mus;
1784 3300 1868 3350 hic
1902 3301 2137 3349 volucres
2172 3299 2250 3349 bis
2275 3299 2419 3348 videt
2451 3298 2669 3360 ordine,'

1604 3380 1705 3427 &c.
1749 3377 1854 3426 Sed
1877 3377 2111 3427 historici
2133 3391 2309 3427 omnes
2333 3391 2450 3426 cum
2475 3377 2670 3426 Nostro

1605 3453 1958 3503 consentiunt.
2323 3458 2332 3466 ·
2439 3507 2444 3512 ᾖ

1670 3527 1685 3562 ¹
1717 3527 1819 3577 Sex
1848 3527 2079 3591 vultures]
2114 3527 2281 3577 Avem
2304 3534 2506 3577 tantum
2531 3542 2671 3576 com·

1606 3613 1858 3656 memorat
1872 3607 2068 3655 Ennius
2094 3606 2184 3655 lib.
2207 3620 2247 3655 1.
2270 3608 2285 3634 ‘
2310 3606 2454 3655 Hine
2477 3607 2670 3656 Remus

1608 3683 1841 3746 auspicio
1863 3697 1918 3732 se
1942 3683 2183 3747 devovet,
2210 3690 2366 3747 atque
2389 3684 2669 3732 secundam

1603 3759 1756 3809 Solus
1793 3774 1939 3807 avem
1985 3758 2213 3809 servatz'
2257 3760 2348 3808 sed
2392 3760 2463 3809 ibi
2503 3774 2673 3822 avem,

1606 3851 1700 3900 pro
1730 3836 1900 3885 avium
1922 3836 2153 3899 auspicio
2174 3850 2189 3895 3
2221 3836 2319 3884 nisi
2343 3850 2406 3883 ea
2427 3837 2534 3885 avis
2559 3834 2669 3884 fue-

1606 3912 1678 3962 rit
1702 3928 1794 3961 sex
1827 3913 2083 3961 vulturum
2109 3911 2421 3975 praenumia,
2454 3919 2515 3961 ut
2535 3910 2671 3960 infra

1606 3992 1672 4040 de
1697 3991 1937 4042 Romulo.

1649 4064 1697 4118 ,Κ
1729 4066 2017 4130 Duodecim]
2048 4067 2246 4117 Ennius
2272 4067 2361 4116 lib.
2386 4082 2427 4117 1.
2463 4069 2478 4095 ‘
2497 4068 2575 4116 'Et
2605 4066 2667 4116 si·

1604 4145 1710 4194 mul
1734 4160 1801 4194 ex
1824 4146 1931 4193 alto
1954 4145 2107 4205 longe
2139 4144 2446 4208 polcerrima
2468 4158 2667 4208 praepen
2691 4187 2692 4190 ,

1605 4222 1764 4276 Laeva
1780 4221 1977 4273 volavit
1992 4222 2102 4273 avis
2120 4238 2136 4274 ι
2170 4222 2321 4274 simul
2344 4237 2529 4274 aureus
2549 4221 2667 4282 exon
