3023 4942
910 412 1006 459 on
1055 410 1490 461 oAEssmsus
1545 412 1707 458 cap.
1756 411 1919 458 xm.
2375 395 2507 458 845

320 550 598 635 Licinio,
620 555 814 642 'apud
843 559 1125 623 Tarsum
1154 558 1354 642 perit.
1427 558 1490 623 2.
1522 559 1635 623 Ita
1664 557 1970 642 potestas
2000 558 2181 624 orbis
2214 557 2505 623 Romani

317 658 623 724 duobusb
652 661 984 744 quaesita3
1030 661 1145 744 qui
1179 662 1486 743 quamvis
1520 679 1636 742 per
1666 661 1891 724 Flavii
1934 658 2233 725 sororem
2258 668 2281 697 ⁰
2332 680 2503 745 nup-

316 769 448 826 tam
481 762 767 840 Licinio,
797 765 1088 827 connexi
1132 763 1302 827 inter
1331 784 1406 827 se
1436 768 1649 837 erant,
1677 765 1773 826 ob
1803 762 2106 826 diversos
2136 783 2352 827 mores
2399 771 2498 827 ta-

311 882 456 927 men
487 866 688 929 anxie
719 867 1079 931 triennium
1109 886 1474 949 congruere
1509 866 1809 950 quivere.
1896 866 1964 930 3.
2013 864 2327 947 Namque
2358 863 2505 930 illid

312 974 550 1048 praeter
593 967 951 1033 admodum
1003 989 1245 1050 magna
1297 976 1572 1045 cetera,⁸
1617 968 1771 1032 huic
1822 966 2254 1051 parsimonia,
2299 975 2370 1031 et
2420 987 2504 1032 ea

313 1069 577 1151 quidem
626 1072 939 1153 agrestiS,
992 1071 1452 1135 tantummodo
1515 1071 1752 1135 inerat.
1838 1074 1903 1134 4.
1949 1070 2262 1153 Denique
2325 1069 2500 1134 Con-

311 1172 640 1236 stantinus
686 1179 970 1237 cunctos
1022 1174 1254 1236 hostes
1303 1173 1557 1237 honore
1613 1191 1696 1235 ac
1754 1171 2039 1236 fortunis
2084 1172 2501 1237 manentibus

310 1274 504 1351 texit,
533 1277 956 1359 recepitque3
1003 1296 1088 1339 eo
1120 1276 1301 1359 piuS‚
1334 1282 1406 1339 ut
1436 1277 1647 1339 etiam
1675 1282 1875 1338 vetus
1916 1269 2513 1356 veterrimumquef

309 1375 719 1461 supplicium
782 1374 1360 1461 patibulorum'et
1411 1379 1716 1442 cruribus
1780 1376 2204 1459 suffrigendis
2246 1377 2501 1458 primus

306 1480 684 1543 removerit.
773 1483 834 1543 5.
886 1479 1071 1545 Hinc
1102 1500 1227 1563 pro
1259 1480 1637 1557 conditore,
1669 1501 1791 1546 seu
1824 1481 1977 1545 Deo
2004 1480 2299 1544 habitus.
2388 1477 2501 1541 Li-

306 1566 598 1644 cinio‘ne
627 1579 988 1645 insontium
1019 1582 1286 1665 quidem
1318 1602 1398 1646 ac
1429 1584 1751 1647 nobilium
1783 1581 2335 1666 philosophorum
2367 1599 2500 1643 ser·
2593 1632 2598 1637 .

303 1680 421 1743 vili
452 1701 636 1746 more
665 1685 1003 1767 cruciatus
1043 1686 1319 1749 adhibiti
1372 1687 1646 1750 modum
1689 1687 1934 1751 secere.
2021 1685 2085 1750 6.
2134 1684 2293 1763 Quo
2339 1700 2500 1745 sane

304 1783 518 1847 variis
548 1785 808 1868 praeliis
837 1786 1066 1869 pulso,
1097 1807 1245 1851 cum
1292 1809 1442 1852 eum
1475 1809 1748 1872 prorsus
1791 1789 2173 1872 opprimere
2218 1784 2500 1849 arduum

301 1883 651 1963 videretur,
683 1888 882 1951 simul
913 1888 1250 1953 affinitatis
1277 1892 1490 1972 gratia
1522 1894 1770 1975 recepti
1795 1890 2148 1961 consortio,
2167 1888 2501 1970 ascitique

299 1984 581 2070 imperio
612 1987 962 2054 Caesarum
985 1999 1012 2037 ⁸
1043 2011 1432 2058 communes
1463 1995 1652 2058 liberi
1678 1993 1960 2076 Crispus
1983 1991 2499 2057 Constantinus-

298 2108 422 2169 que
459 2089 699 2173 Flavio
731 2093 971 2172 geniti3
1020 2092 1416 2159 Licinianus
1445 2095 1735 2160 Licinio.
1820 2096 1888 2161 ’7.
1930 2094 2136 2173 Quod
2183 2090 2499 2175 equidem

288 2188 415 2275 'vix
463 2189 878 2269 diuturnum,
923 2213 1139 2278 neque
1185 2195 1311 2271 his,
1358 2199 1478 2281 qui
1523 2200 2063 2272 assumebantur,
2116 2196 2285 2260 felix
2333 2194 2498 2271 fore,

268 2286 572 2355 'defectu
620 2294 787 2356 solis
840 2296 1093 2359 soedato
1144 2298 1383 2361 iisdem
1436 2301 1781 2363 mensibus
1835 2296 2000 2374 die,¹’
2062 2297 2501 2380 patefactum.

295 2389 358 2453 8.
403 2391 650 2478 Itaque
680 2398 1004 2461 sexennio
1033 2405 1192 2482 post
1220 2406 1414 2483 rupta
1448 2421 1621 2484 pace
1654 2401 1832 2485 apud
1862 2401 2163 2465 Thracas
2195 2398 2499 2462 Licinius

296 2495 537 2575 pulsus
591 2496 1056 2564 Chalcedonai
1107 2505 1466 2568 concessit.
1554 2504 1618 2570 9.
1684 2505 1798 2568 Ibi
1859 2503 1946 2568 ad
2008 2501 2334 2566 auxilium
2395 2500 2499 2563 sui

294 2594 708 2664 Martiniano
732 2596 757 2635 ¹¹
789 2602 856 2665 in
885 2602 1240 2685 imperium
1273 2613 1617 2690 cooptato,
1647 2626 1780 2670 una
1811 2624 2182 2690 oppressus(
2205 2598 2346 2667 est.l
2389 2604 2499 2667 10.

1210 2749 1418 2770 eedem
1420 2750 1567 2769 00000

355 2837 492 2888 Car.
517 2852 633 2888 xm.
700 2842 725 2887 l
763 2840 827 2888 In
848 2841 996 2889 Italia
1018 2842 1220 2893 Schott.
1246 2844 1442 2893 Gaesb.
1470 2845 1666 2907 Delph.
1694 2845 1984 2894 Pium—8
2023 2842 2105 2893 Ad
2131 2844 2286 2892 verba
2321 2848 2501 2906 proter

291 2902 558 2959 admodum,
575 2904 695 2956 vide
716 2906 842 2956 Not.
861 2906 1151 2970 Delph.-4
1168 2910 1572 2973 ruera-imumque
1595 2911 1739 2975 conj.
1756 2912 1961 2961 Schott.
1976 2924 2073 2974 pro
2094 2909 2500 2970 veteru-imumque.

1280 3053 1495 3103 NOTAE

352 3142 377 3175 ὓ
410 3117 635 3207 Duobus]
656 3146 1000 3197 Constantino
1025 3156 1078 3197 et
1104 3149 1322 3202 Licinio.
1435 3152 1621 3202 rituum
1657 3166 1807 3201 esse:
1843 3152 1910 3199 de
1945 3165 2049 3216 quo
2082 3166 2111 3199 a
2153 3151 2498 3199 Constantino

353 3228 375 3255 Φ
412 3222 572 3270 Flavii
589 3224 819 3289 sororem]
858 3226 1229 3275 Constantiam.
1434 3230 1658 3284 sublato,
1680 3231 1795 3278 vide
1820 3230 2168 3279 Zozomenum
2192 3227 2500 3278 Ecclesiam.

351 3296 375 3329 ὖ
412 3297 520 3360 lui]
556 3300 916 3349 Constantino.
1437 3307 1801 3356 Historioelib.
1835 3319 1874 3356 ι.
1901 3320 2016 3368 cap.
2042 3310 2091 3353 8.
2145 3304 2495 3367 Nicephorum

351 3381 375 3406 ²
424 3374 619 3422 Preter
661 3377 910 3425 admodum
952 3393 1128 3440 magna
1169 3382 1348 3445 cetera]
1431 3382 1524 3430 lib.
1550 3395 1654 3431 vu.
1678 3397 1727 3431 c.
1747 3386 1830 3432 46.
1897 3381 1978 3429 Do.-
2002 3380 2334 3445 crucifragio,
2356 3380 2495 3443 quod

280 3448 540 3500 Foedatus
574 3451 735 3500 locus.
803 3453 1037 3516 Legebat
1087 3456 1351 3521 Schottus,
1433 3461 1592 3509 etiam
1630 3457 2035 3507 vetustissimum
2080 3455 2201 3517 fuit,
2238 3458 2292 3505 in
2330 3457 2498 3505 literis

285 3524 483 3574 Prata·
503 3528 690 3575 modum
703 3543 878 3588 mgna
906 3537 1091 3580 cetera.-
1126 3533 1205 3579 vel
1225 3548 1353 3595 pm·
1432 3537 1618 3595 sacris,
1639 3542 1694 3584 et
1716 3534 1837 3582 alibi
1863 3548 2022 3598 soepe.

285 3605 363 3650 ter
383 3603 568 3651 modam
587 3603 966 3667 magnificentia.
998 3607 1102 3655 Sed
1123 3622 1224 3658 non
1243 3610 1353 3670 pla·
1495 3619 1524 3655 ε
1555 3612 1802 3675 Ascitique
1823 3610 2018 3673 imperio
2053 3609 2322 3672 Casurum]
2358 3609 2498 3659 Cris-

286 3686 395 3732 cet.
464 3678 658 3726 Melius
702 3687 760 3728 ut
800 3680 1127 3746 Sylburgius,
1158 3684 1351 3735 Pro-ter
1433 3703 1550 3751 pus,
1573 3689 1963 3743 Constantinus,
1988 3696 2041 3735 et
2062 3686 2360 3735 Licinianus
2381 3688 2497 3737 Cae·

283 3754 538 3802 “dmssm
555 3768 706 3816 W
726 3769 902 3815 mma
921 3761 1095 3806 cetera.
1430 3755 1577 3812 sares
1598 3763 1722 3812 facti
1748 3762 1816 3811 A.
1834 3762 1899 3811 U.
1920 3766 2064 3812 106⁷.
2084 3769 2201 3825 post
2222 3760 2283 3809 C.
2304 3764 2420 3810 815.

351 3828 372 3863 ἲ
408 3829 554 3879 Vetus
593 3832 1007 3895 veter-fimumque]
1056 3835 1349 3886 Dubitsbat
1494 3839 1520 3873 ¹³
1554 3837 1764 3898 Defecta
1783 3839 1899 3886 solis
1915 3837 2101 3898 foedalo
2130 3837 2296 3886 iisdem
2325 3837 2498 3886 mensi·

283 3904 532 3954 Schottus
556 3921 620 3954 an
645 3908 1055 3972 teterrimumque:
1087 3915 1102 3940 ‘
1119 3912 1210 3961 sed
1245 3929 1346 3964 non
1429 3918 1516 3965 bus
1535 3916 1638 3979 die]
1679 3915 1841 3977 Atqui
1864 3914 2073 3976 eclipsis
2100 3914 2223 3962 solis
2256 3912 2496 3976 sequenti

286 3989 369 4030 est
405 3981 663 4040 insolens,’
691 3984 876 4046 inquit,
909 3989 923 4012 ⁸
941 3986 992 4033 id
1028 3990 1200 4037 aetatis
1223 4004 1344 4039 auc·
1428 4007 1562 4044 anno
1586 3989 1728 4039 facta
1752 3998 1849 4051 est,
1873 3988 1957 4038 die
1979 3998 2130 4038 sexta
2153 3989 2302 4040 sulii.

285 4058 485 4107 toribus
517 4059 661 4121 qussi
700 4075 791 4121 per
830 4063 1212 4112 correctionem
1237 4079 1345 4113 rem
1494 4066 1508 4100 ¹
1542 4063 1861 4125 Chalcedona]
1894 4064 1958 4113 In
1999 4063 2244 4126 Bithynia
2273 4058 2337 4110 ad
2373 4062 2499 4111 Bos-

285 4137 573 4196 repetendo
598 4137 890 4198 intendere,
913 4154 1005 4199 pro
1028 4142 1173 4193 eliam
1193 4150 1347 4192 veter·
1430 4143 1666 4206 phorum.

282 4211 491 4260 rimam?
561 4212 780 4261 Constat
811 4222 984 4264 autem
1017 4232 1082 4266 ex
1104 4221 1265 4267 sacris
1288 4221 1345 4268 li·
1494 4217 1517 4250 k
1556 4214 1880 4276 Martiniano]
1937 4214 2040 4266 Qui
2076 4212 2311 4260 ordinum
2351 4212 2494 4274 pala-

286 4291 419 4337 teris
451 4288 799 4354 patibulorum
831 4293 1139 4355 supplicium
1176 4306 1346 4344 veter·
1430 4294 1656 4343 tinorum
1695 4291 1802 4338 dux
1841 4296 1989 4349 erat3
2046 4288 2267 4337 Romani
2308 4289 2495 4351 magis·
