3023 4942
436 336 523 401 88

1035 350 1266 400 SEx‘rl
1320 350 1649 399 Aunsshu
1703 348 2054 399 VICTORIS

438 499 694 562 multos
752 503 1011 559 annos⁰
1059 495 1290 559 arcula
1341 514 1492 559 cum
1553 494 1793 558 librisP
1838 514 1882 557 a
1931 493 2301 557 Terentioq
2354 490 2644 577 qnodam

438 607 724 663 exarata
748 605 798 677 3‘
844 597 959 681 qui
989 598 1170 674 libri,
1196 597 1359 680 quia
1389 597 1578 660 leves
1609 595 1938 681 quasdam
1971 615 2322 659 sacrorum
2366 615 2608 660 causas
2628 604 2648 631 ⁵

435 701 899 780 continebant,
929 720 1011 765 ex
1043 701 1437 765 auctoritate
1470 699 1752 763 Patrum
1785 699 2064 762 cremati
2094 698 2295 762 sunt.t

1362 844 1510 864 “O“
1515 843 1721 863 “500“

442 922 551 964 tum
577 914 666 976 sit,
689 916 817 966 duas
842 916 1080 965 inventas
1105 931 1270 973 arcas,
1299 923 1357 965 nt
1381 915 1588 979 plurimi
1615 916 1810 971 volunt,
1833 914 2122 977 praesertim
2147 928 2265 964 cnm
2287 912 2447 962 etiam
2471 926 2570 960 vox
2592 928 2653 961 ea

440 981 560 1029 huic
597 984 671 1030 rei
711 983 780 1031 sit
815 981 1383 1036 accommodatissima-³
1415 981 1588 1030 Arutz.

1653 981 1739 1030 ‘A
1766 982 1987 1030 Terentio
2009 982 2221 1043 quodam.
2289 978 2428 1026 Mire
2451 979 2651 1027 variant

439 1046 557 1094 libri
584 1052 818 1096 veteres·
855 1048 940 1095 alii
981 1048 1230 1097 Terrentio
1264 1047 1520 1107 scribunt,
1554 1047 1642 1095 alii
1668 1046 1941 1101 Tarentino,
1964 1054 2021 1094 ut
2050 1053 2243 1108 praeter
2265 1043 2556 1093 Parisinum
2597 1050 2652 1091 et

441 1110 847 1173 Agrippinensis
870 1112 1037 1162 codex
1061 1113 1253 1162 habet.

1289 1113 1375 1176 qui
1409 1126 1605 1160 summo
1639 1126 1892 1161 consensu
1919 1115 2139 1160 extracta
2167 1109 2367 1170 legunt,
2387 1107 2526 1172 quod
2549 1121 2651 1156 nou

442 1175 647 1237 probo!
670 1176 858 1226 Senon.
905 1178 1128 1226 Tarentio
1151 1178 1323 1226 Haun.
1348 1176 1465 1225 cod.
1488 1185 1624 1225 teste
1650 1175 1831 1224 Arntz.

1899 1175 2102 1223 ‘.Leves
2140 1172 2463 1236 Agrippinas
2487 1172 2654 1220 codex

437 1240 568 1301 teges
602 1255 696 1303 pro
727 1243 853 1291 leves
875 1240 1106 1303 praefert,
1138 1257 1239 1290 non
1277 1250 1439 1298 recte,
1470 1241 1567 1289 nisi
1602 1256 1792 1290 caussas
1814 1239 2104 1289 redundare
2127 1239 2377 1287 dicamus.
2444 1238 2584 1287 Quid
2609 1239 2656 1285 si

445 1385 563 1434 qnae
583 1385 702 1420 mox
725 1370 829 1421 del.
859 1371 919 1421 τὸ
943 1374 1162 1422 Patrum.

328 1357 341 1366 ‚
441 1307 604 1366 heva,
636 1306 687 1354 id
709 1314 812 1366 est,
846 1305 1140 1357 sinistras?
1175 1307 1363 1357 Schott.
1429 1308 1541 1356 Pro
1562 1305 1864 1355 continebant
1887 1302 2105 1369 praefert
2128 1304 2229 1353 Ed.
2253 1318 2336 1368 pr.
2367 1301 2655 1359 obtinebant,

1446 1465 1661 1517 NOTAE

507 1572 533 1596 0
547 1563 670 1612 Post
684 1565 855 1613 multos
873 1564 1047 1628 annos]
1072 1565 1202 1613 Post
1218 1579 1377 1614 annos
1392 1568 1508 1614 490.

511 1645 537 1679 Ρ
569 1639 754 1689 Arcula
796 1655 903 1689 cum
947 1639 1108 1705 libris]
1176 1641 1341 1690 Immo
1392 1641 1508 1689 dnae

444 1716 667 1778 lapideae
706 1732 862 1779 arcae,
897 1725 1112 1767 octonos
1148 1716 1312 1768 ferme
1349 1718 1509 1781 pedes

445 1793 634 1854 longae,
654 1799 935 1856 quaternos
957 1794 1100 1855 latae,
1122 1794 1350 1844 inventae
1372 1804 1511 1852 sunt.

445 1868 639 1917 Literis
685 1869 885 1920 Latinis
935 1870 1239 1935 Graecisque
1294 1880 1514 1935 utraque

443 1958 573 1992 arca
596 1944 845 2009 inscripta
869 1952 1003 2006 erat,
1020 1947 1071 1995 in
1095 1948 1263 1997 altera
1286 1949 1514 1998 Numam

448 2020 765 2083 Pompilium
804 2023 1064 2086 sepultum
1102 2038 1236 2086 esse,
1258 2025 1312 2073 in
1349 2026 1516 2074 altera

442 2096 610 2144 libros
635 2099 824 2147 Numae
848 2100 1095 2162 Pompilii
1121 2100 1310 2150 inesse.
1380 2103 1514 2152 Quae

449 2173 660 2222 titulum
684 2175 878 2237 sepulti
899 2177 1037 2238 regis
1056 2176 1329 2240 habuerat,
1348 2178 1515 2228 inanis

443 2250 684 2309 inventa,
719 2251 833 2300 sine
880 2252 987 2300 ullo
1024 2254 1244 2316 vestigio
1278 2256 1516 2317 corporis

443 2326 677 2390 humani,
701 2336 792 2376 aut
817 2328 967 2377 ullius
990 2331 1098 2391 rei;
1122 2345 1217 2394 per
1241 2331 1414 2381 tabem
1437 2338 1519 2381 tot

449 2418 697 2451 annorum
732 2405 970 2454 omnibus
1003 2405 1275 2457 absumtis.
1341 2409 1407 2458 In
1443 2410 1516 2458 al·

441 2488 567 2529 tera
607 2481 711 2530 duo
755 2480 927 2531 fasces
972 2484 1205 2532 candelis
1251 2485 1518 2548 involutis,

448 2565 693 2619 septenos
715 2558 942 2608 habuere
966 2558 1146 2621 libros,
1165 2575 1264 2609 non
1284 2561 1518 2623 integros

447 2632 625 2693 modo,
646 2633 734 2680 sed
763 2635 1120 2684 recentissima
1143 2639 1337 2700 specie.
1388 2639 1519 2702 Sep-

449 2716 555 2757 tem
584 2707 759 2757 Latini
788 2709 855 2757 de
885 2710 1011 2774 jure
1046 2712 1314 2774 pontificio
1351 2723 1519 2771 erant,

445 2790 656 2847 septem
683 2785 862 2834 Graeci
896 2786 963 2834 de
1001 2787 1279 2851 disciplina
1314 2792 1520 2854 sapien-

453 2863 562 2922 tiae,
605 2877 720 2925 qnae
764 2864 901 2912 illius
950 2866 1122 2915 aetatis
1167 2880 1280 2914 esse
1328 2870 1522 2930 potnit.

449 2938 590 2987 Vide
611 2938 726 2988 Liv.
751 2953 840 2989 xx..
860 2944 943 2989 29.
978 2941 1118 2991 Plin.
1142 2955 1272 2992 xm.
1299 2947 1379 2992 13.
1402 2944 1523 2994 Val.

452 3013 599 3062 Max.
627 3028 669 3062 1.
693 3019 739 3062 1.

516 3099 541 3132 <1
574 3089 622 3138 A
652 3091 900 3156 Terentio]
937 3093 1097 3143 Hunc
1132 3094 1291 3143 etiam
1318 3095 1519 3145 Teren-

453 3166 585 3215 tium
607 3174 763 3216 vocat
786 3169 990 3231 Festus,
1022 3178 1079 3221 et
1114 3171 1336 3220 scribam
1373 3172 1522 3222 dicit.

1592 1563 1769 1612 Livius
1782 1577 1959 1626 agrum
1973 1562 2153 1612 Petilii
2169 1560 2434 1625 cujusdam
2452 1560 2658 1610 scribae.

1656 1645 1677 1671 ¹·
1700 1638 1945 1701 Exorata]
1980 1639 2044 1689 Id
2064 1646 2164 1695 est,
2184 1644 2198 1667 ‘
2218 1638 2414 1686 arando
2433 1635 2661 1686 effossa.⁹

1593 1717 1706 1767 Lex
1726 1719 1947 1766 Numae:
1986 1718 2002 1745 ‘
2018 1716 2073 1766 Si
2100 1716 2212 1780 quis
2234 1715 2508 1764 terminum
2535 1729 2658 1762 exa-

1594 1802 1781 1856 rasset‚
1815 1794 1957 1855 ipsus
1997 1800 2052 1841 et
2092 1791 2249 1839 boves
2292 1791 2427 1839 sacri
2470 1789 2661 1839 sunto.'

1594 1869 1778 1917 Utitur
1800 1877 1857 1917 et
1884 1869 2055 1918 Cicer.
2079 1868 2114 1914 l.
2140 1882 2177 1916 1.
2201 1865 2266 1915 de
2291 1867 2420 1928 Leg.
2441 1872 2498 1914 et
2523 1866 2627 1913 alii.

1677 1952 1696 1978 ⁸
1725 1946 1879 1994 Leves
1925 1946 2148 2008 quasdam
2182 1959 2222 1992 s.
2254 1943 2322 2008 c.]
2386 1944 2492 1992 Pro
2536 1944 2662 1991 leves

1596 2020 1846 2071 Schottus
1882 2022 2095 2083 legebat
2123 2023 2288 2084 loevas,
2309 2020 2361 2068 id
2397 2026 2479 2068 est
2513 2019 2660 2068 sinis-

1599 2105 1740 2159 tras3
1777 2098 1868 2146 sed
1893 2098 2106 2155 frustra,
2130 2113 2250 2147 nam
2285 2100 2410 2146 leves
2430 2094 2662 2143 retinen·
2733 2094 2739 2098 ’

1598 2176 1738 2224 dum·
1772 2177 1899 2225 Ideo
1923 2184 2094 2226 autem
2118 2176 2335 2226 cremati
2351 2174 2520 2234 fuere,
2539 2173 2663 2237 qnia

1597 2253 1740 2301 leves
1784 2253 2049 2318 quasdam,
2088 2262 2144 2302 et
2181 2251 2360 2300 futiles
2397 2264 2661 2300 sacrorum

1599 2344 1782 2378 causas
1817 2331 2168 2390 continentes,
2206 2328 2270 2379 ad
2309 2326 2665 2397 dissolvendas

1600 2406 1874 2466 religiones
1918 2403 2095 2474 facere
2138 2420 2290 2469 posse
2334 2403 2664 2454 videbantur.

1602 2482 1717 2530 Liv.
1740 2496 1826 2532 xx..
1852 2487 1932 2532 29.
1969 2485 1997 2520 ‘-
2013 2483 2188 2532 Lectis
2224 2497 2396 2530 rernm
2433 2480 2664 2539 summis,

1601 2574 1716 2607 cum
1773 2559 2228 2609 animadvertisset
2283 2557 2382 2622 (Q.
2437 2556 2666 2605 Petilius

1604 2635 1826 2700 praetor)
1894 2637 2147 2700 pleraque
2215 2633 2669 2683 dissolvendarum

1603 2711 1909 2774 religionum
1942 2727 2073 2773 esse,
2095 2712 2156 2759 L.
2176 2710 2369 2759 Petilio
2392 2709 2529 2758 dixit
2550 2723 2668 2757 sese

1602 2800 1692 2835 eos
1748 2788 1908 2836 libros
1970 2787 2023 2836 in
2083 2788 2256 2851 ignem
2311 2786 2668 2850 conjecturum

1602 2861 1753 2912 esse!

1668 2939 1685 2971 ⁸
1719 2939 1934 2987 Cremuti
1952 2939 2084 3002 sunt]
2120 2939 2331 3002 Septem
2358 2937 2530 2986 Latini
2555 2943 2669 2986 tan·

1603 3021 1711 3064 tum
1733 3015 2023 3064 combusti:
2058 3023 2262 3076 septem
2280 3014 2461 3063 Graeci
2478 3026 2669 3075 magna

1603 3106 1730 3140 cura
1753 3091 2037 3139 asservati:
2074 3091 2270 3155 quippe
2295 3089 2362 3139 de
2393 3090 2671 3153 disciplina

1603 3175 1805 3218 tantum
1831 3167 2103 3232 sapientiae
2129 3168 2446 3219 tractabant.

1371 3501 1587 3568 GAP.
1636 3505 1771 3570 IV.

741 3631 1045 3680 TULLUS
1087 3635 1526 3699 HOSTIMUS,
1563 3639 2061 3690 ROMANORUM
2101 3644 2256 3691 Rssx
2292 3645 2407 3694 111.

461 3725 889 3774 ARGUMENTUM.
961 3727 1075 3774 Rex
1112 3735 1359 3790 creatur3
1399 3731 1613 3781 Albanis
1652 3733 1842 3782 bellum
1880 3735 2102 3797 indicit;
2134 3737 2323 3787 Albam
2361 3738 2555 3800 diruit3
2588 3737 2677 3788 Al·

527 3804 685 3851 banos
726 3805 939 3852 Romam
978 3807 1201 3855 transire
1232 3809 1425 3870 jubet3
1472 3811 1668 3860 curiam
1705 3814 2022 3876 constituit3
2059 3817 2273 3866 Coelium
2316 3818 2447 3867 Urbi
2494 3819 2640 3870 addit
2655 3837 2674 3881 3

524 3881 741 3931 fulmine
775 3884 933 3932 icitur
964 3890 1021 3933 et
1052 3886 1343 3951 conflagrat
1374 3889 1552 3938 Tullus
1587 3891 1862 3950 Hostilius,
1896 3895 2079 3944 tertius
2114 3896 2461 3945 Romanorum
2495 3912 2607 3948 rex.

544 3979 610 4044 1.
656 3981 769 4045 Tu
787 3998 976 4045 nnus
1002 3983 1460 4065 Hos‘rmmS,
1491 3990 1654 4073 quia
1681 3992 1932 4057 bonam
1965 4013 2242 4077 operam
2272 3994 2628 4061 adversum
2649 4004 2676 4032 ⁸

1386 4119 1595 4141 O‘OOm

1600 4122 1750 4143 “““

529 4190 664 4245 CA'P.
687 4207 767 4244 ιν.
824 4199 850 4245 1
891 4196 1078 4247 Tullius
1110 4197 1216 4250 duo
1254 4200 1408 4252 codd.
1443 4212 1583 4255 teste
1623 4205 1808 4258 Arntz.
1848 4214 1904 4258 et
1943 4210 2045 4258 duo
2085 4210 2167 4275 qui
2206 4225 2300 4274 pro
2335 4210 2448 4275 quio
2476 4210 2675 4276 legunt.
