3023 4942
456 367 591 457 ΜΒ

460 537 659 614 patre
705 527 1036 608 Domitio,
1078 533 1256 609 erat)
1300 519 1681 613 Imperator
1724 528 1950 595 factus
1994 536 2121 594 est.
2209 528 2279 594 2.
2320 528 2470 610 Qui
2513 546 2667 596 eum

460 632 661 716 longe
705 631 1110 698 adolescens
1130 640 1154 669 ⁰
1199 633 1616 697 dominatum
1660 652 1890 716 parem
1920 633 2116 697 annis
2146 634 2389 699 vitrico
2409 630 2480 670 ‘¹⁸
2521 652 2669 716 ges-

460 735 684 813 sisset,
731 734 1254 819 quinquennium
1278 732 1301 770 r
1341 744 1567 798 tamen
1614 741 1841 798 tantus
1887 734 2040 813 fuit,
2091 733 2400 817 augenda
2428 734 2616 800 Urbe
2640 744 2670 783 ⁸

459 837 782 914 maxime,
806 839 905 901 uti
936 837 1176 902 merito
1204 837 1543 920 Trajanus
1575 838 1835 921 saepius
1865 842 2234 917 testaretur,
2265 839 2508 922 procul
2542 838 2667 903 dif-

1075 383 1311 434 snxwl
1356 382 1685 434 Annum!
1719 381 2086 435 ,Vlowolus

356 984 359 989 «
454 939 629 1005 ferre
660 946 955 1005 cunctos,
975 940 1312 1023 principes
1351 939 1651 1004 Nemnis
1682 940 2181 1023 quinquennio:
2226 939 2414 1026 quo¹²
2461 943 2672 1006 etiam

459 1040 758 1109 Pontum
787 1044 854 1111 in
894 1041 1013 1126 jus
1059 1039 1468 1128 provinciae)
1519 1042 1915 1107 Polemonis
1969 1046 2327 1126 permissu,
2369 1044 2669 1126 redegit3
2757 1074 2760 1077 ·

463 1145 660 1228 cujus
717 1146 935 1228 gratia
994 1138 1517 1211 Polemoniacus
1577 1146 1836 1211 Pontus
1896 1147 2311 1230 appellatur:
2369 1148 2672 1229 itemque

462 1245 728 1312 Cottias
760 1246 1026 1331 Alpesk
1071 1247 1295 1313 Cottio
1333 1269 1488 1332 rege
1533 1255 1820 1314 mortuo.
1906 1249 1976 1314 3.
2023 1248 2255 1328 Quare
2288 1250 2462 1314 satis
2494 1269 2672 1313 com-

462 1357 757 1434 pertum,
790 1371 1011 1436 neque
1044 1370 1264 1417 aevum
1293 1351 1781 1441 impedimento
1812 1352 2042 1420 virtuti
2073 1372 2226 1417 esse
2249 1372 2269 1434 3
2296 1351 2672 1416 eamfacile

459 1454 731 1532 mutari,
761 1459 1077 1537 corrupto
1104 1473 1229 1537 per
1256 1453 1599 1518 licentiam
1645 1454 1917 1535 ingenio
1943 1472 1963 1534 3
2011 1454 2474 1535 omissamque
2505 1450 2664 1516 ado-

462 1554 807 1622 lescentiae
861 1556 1060 1640 quasi
1110 1553 1364 1637 legem¹
1408 1555 1861 1639 perniciosius
1908 1555 2148 1637 repeti.
2237 1559 2303 1620 4.
2348 1553 2675 1637 Namque

463 1677 548 1721 eo
579 1658 905 1741 dedecore
933 1658 1265 1744 reliquum
1297 1659 1454 1723 vitae
1484 1660 1639 1742 egit,
1688 1659 1791 1723 uti
1837 1658 2068 1741 pigeat
2109 1659 2501 1742 pudeatque
2540 1676 2677 1720 me-

465 1779 725 1825 morare
752 1760 1231 1846 hujuscemodi
1263 1780 1669 1844 quenquam,
1715 1761 1964 1825 nedum
1994 1767 2320 1827 rectorem
2350 1760 2676 1842 gentium,

463 1860 695 1926 fuisse.
784 1865 851 1928 5.
898 1861 1043 1942 Qui
1071 1862 1227 1927 dum
1281 1864 1572 1947 psallere
1621 1880 1743 1946 per
1793 1863 2529 1941 coetuS,¹¹¹·Graecorum
2579 1863 2676 1925 in-

467 1972 729 2043 vento,¹²
772 1966 841 2030 in
886 1975 1222 2031 certamen
1263 1985 1531 2030 coronae
1581 1966 1949 2049 coepisset3
1994 1984 2077 2030 eo
2107 1985 2507 2049 progressus
2552 1970 2677 2040 est,

468 2068 569 2132 uti
593 2088 812 2153 neque
842 2088 1014 2141 suae,
1039 2089 1260 2152 neque
1289 2070 1570 2133 aliorum
1601 2068 1952 2152 pudicitiae
1994 2087 2306 2154 parcenS,
2347 2068 2430 2132 ad
2462 2074 2676 2131 extre·

471 2190 655 2235 mum
700 2172 991 2238 amictus
1020 2174 1415 2238 nubentium
1444 2172 1778 2254 virginum
1829 2173 2081 2257 specie,
2111 2172 2339 2257 palam
2388 2172 2681 2246 senatu:

1379 2320 1560 2340 ‘omo
1565 2320 1676 2341 “OC
1680 2320 1738 2340 00

471 2425 568 2470 —5
596 2421 695 2479 Qui
717 2437 824 2473 cum
844 2422 991 2473 malit
1017 2419 1198 2473 Arntz.
1266 2423 1396 2473 Mox
1418 2422 1433 2448 ‘
1452 2422 1646 2471 Palam.
1718 2418 1885 2469 Addit
1917 2419 2201 2484 impressus
2221 2420 2684 2486 convocatoaenatu,

1466 2569 1690 2620 NOTAE

471 2667 609 2715 male
646 2666 699 2716 in
743 2674 1050 2718 contextum
1079 2667 1351 2728 irrepsisse
1386 2673 1566 2732 putat„
1620 2669 1835 2718 Sueten.
1865 2666 2067 2716 Neron.
2088 2678 2206 2728 cap.
2230 2641 2343 2713 16.‘

472 2737 742 2792 Schottus.
1684 2742 1709 2777 Β
1746 2743 1879 2807 Quo]
1912 2741 2329 2806 Quinque-unium
2354 2738 2582 2788 scilicet.

539 2825 563 2851 ⁶
594 2818 761 2881 Longe
780 2821 1067 2884 adolescens]
1105 2820 1169 2868 Id
1194 2826 1299 2880 est,
1326 2820 1541 2869 ‘admo-

475 2892 598 2942 dum
621 2893 961 2944 adolescens.’
1028 2896 1201 2963 Natus
1228 2906 1347 2944 erat
1379 2911 1541 2945 annos

475 2970 875 3032 septemdecim,
908 2984 1027 3019 cum
1066 2971 1336 3034 imperium
1366 2985 1539 3021 susce-

478 3044 581 3109 pit.
736 3095 749 3102 ,

540 3119 568 3155 ‘²
599 3120 915 3171 nominatum
929 3135 1097 3185 parem
1114 3135 1196 3171 an.
1211 3122 1413 3187 vitrico]
1433 3124 1541 3172 Ne·

478 3212 540 3246 ro
585 3198 904 3249 dominatum
962 3198 1074 3248 fere
1126 3216 1307 3264 parem
1354 3202 1545 3251 vitrico

479 3276 676 3340 gessit3
700 3277 977 3340 imperavit
996 3278 1132 3326 enim
1162 3293 1246 3328 an.
1272 3283 1354 3328 13.
1380 3293 1546 3328 mens.

478 3357 530 3403 7.
577 3352 690 3402 dies
735 3357 818 3402 28.
873 3353 1121 3404 Claudius
1164 3370 1288 3405 vero
1333 3370 1416 3407 an.
1461 3360 1546 3405 1³.

480 3443 648 3478 mens.
666 3432 715 3477 8.
731 3429 843 3478 dies
865 3433 950 3478 20.

544 3514 569 3540 e
607 3504 815 3568 νᾶεν-ἰεῦ]
850 3505 1089 3557 Claudio.

546 3581 568 3617 ¹⁹
599 3584 1004 3648 Quinquennium]
1055 3585 1164 3635 Per
1206 3586 1547 3651 quinquenni·

483 3671 590 3706 um.

547 3742 576 3778 Ι
607 3733 843 3795 Ange-aa
892 3735 1044 3799 Urbe]
1092 3736 1233 3785 Nam
1285 3742 1303 3765 ‘
1331 3734 1548 3798 formem

480 3808 818 3859 edificiorum
860 3810 1020 3858 Urbis
1059 3824 1244 3868 novem
1286 3812 1551 3874 excogita-

484 3884 564 3935 vit
583 3899 599 3934 ε
621 3892 677 3933 et
700 3891 760 3934 ut
785 3891 907 3934 ante
931 3887 1125 3935 insulas
1146 3901 1208 3936 ac
1233 3886 1409 3935 domos
1433 3901 1553 3950 por·

483 3960 621 4009 tiens
655 3967 852 4024 essent,
887 3960 954 4010 de
988 3975 1203 4025 quarum
1237 3964 1441 4012 solariis
1474 3964 1554 4012 in-

485 4036 673 4085 cendia
722 4045 1023 4086 arcerentur
1055 4053 1070 4087 ε
1128 4053 1317 4103 easque
1378 4048 1554 4089 sumtu

484 4115 873 4163 suo‘exstruxit.
907 4114 1215 4165 Destinarat
1228 4119 1388 4167 etiam
1411 4118 1553 4167 ostia

485 4195 642 4238 tenus
664 4190 853 4238 moenia
881 4203 1210 4253 promovere,
1247 4201 1404 4256 atque
1429 4192 1553 4241 inde

484 4262 629 4316 mea
672 4277 823 4319 nare
876 4267 1045 4318 veteri
1088 4266 1227 4318 Urbi
1273 4265 1556 4321 inducere?

1682 2820 1699 2852 ¹
1737 2821 1947 2868 Pontum
1972 2818 2024 2865 in
2042 2817 2127 2878 jus
2148 2814 2429 2880 provincie]
2474 2816 2688 2864 Sueton-

1621 2911 1739 2959 cap.
1761 2901 1840 2945 18.
1863 2903 1877 2925 ‘
1897 2895 2058 2944 Ponti
2084 2893 2235 2942 modo
2259 2905 2476 2954 regnum
2501 2905 2688 2940 conce·

1621 2972 1779 3021 dente
1820 2970 2125 3029 Polemone,
2160 2969 2284 3016 item
2329 2966 2563 3028 Alpium,
2600 2964 2690 3013 de·

1621 3047 1805 3097 functo
1840 3047 2033 3104 Cottio,
2069 3045 2120 3092 iu
2157 3042 2438 3104 provinciae
2473 3039 2689 3090 formam

1625 3121 1867 3185 redegit.’
1933 3122 2063 3169 Erat
2081 3118 2164 3167 hic
2180 3117 2431 3166 Polemon
2449 3117 2691 3165 Polemo-

1625 3201 1705 3249 nis
1742 3198 1879 3247 illius
1901 3196 2053 3256 filius,
2086 3195 2174 3258 qui
2204 3194 2432 3242 Zenonis
2467 3192 2689 3242 oratoris

1628 3272 1964 3323 Laodicensis
1989 3270 2124 3318 filius
2145 3267 2266 3325 fuit.

1691 3346 1716 3380 k
1754 3347 1946 3397 Cottius
1983 3343 2152 3408 Alpes]
2207 3345 2338 3395 Quae
2381 3352 2504 3394 sunt
2538 3357 2692 3408 supra

1627 3422 1793 3486 Alpes
1818 3421 2118 3471 maritimas.

1694 3500 1708 3533 ¹
1742 3491 2084 3562 omissamque
2101 3497 2431 3547 adementioe
2455 3497 2594 3559 quasi
2630 3498 2694 3543 le-

1623 3577 1760 3640 gem]
1797 3576 2107 3635 Licentiam,
2143 3573 2502 3637 petulantiam,
2547 3572 2694 3635 quasi

1630 3656 1800 3717 legem
1825 3650 2190 3701 adolescentiae
2217 3657 2400 3709 vocat3
2424 3648 2542 3712 quia
2556 3662 2622 3696 ea
2642 3647 2692 3696 in

1630 3743 1810 3779 omnes
1828 3726 1940 3776 fere
1958 3726 2316 3775 adolescentes
2338 3724 2501 3774 cadit.

1696 3814 1736 3839 Ι·
1766 3805 1987 3853 Psallere
2001 3817 2089 3865 per
2115 3800 2286 3863 cmm]
2319 3800 2456 3849 Vide
2478 3800 2693 3849 Sueton-

1631 3896 1790 3947 capp.
1810 3885 1895 3930 20.
1916 3887 1973 3929 et
1993 3883 2079 3929 21.

1698 3965 1722 3989 ¹¹
1757 3957 2038 4005 Groecorum
2049 3952 2263 4016 invento]
2280 3952 2329 4003 A
2342 3952 2546 4003 Graecis
2564 3952 2693 4001 enim

1633 4036 1812 4085 musici
1835 4033 2046 4095 Agonen
2071 4030 2320 4081 instituti.

1696 4120 1722 4145 ⁰
1754 4112 1931 4162 Palam
1966 4105 2158 4169 metu]
2193 4106 2260 4157 Id
2292 4112 2377 4157 est
2415 4120 2589 4157 coram
2619 4118 2692 4158 ee·

1633 4195 1783 4238 118111.
