3023 4942
461 357 548 422 18
1414 374 1736 425 Jumcm

460 522 758 586 omnium
815 519 1102 585 diversis
1157 528 1486 604 repugnat
1544 529 1791 585 nostrae
1851 520 2192 587 memoriae
2248 520 2672 604 proclamans

458 624 737 688 historia
783 623 1098 699 Liviana,
1141 642 1297 706 quae
1345 629 1652 699 testatur,
1692 623 1883 708 quod
1930 625 2284 706 auspicato
2331 623 2670 689 Romulus

458 746 548 791 ex
578 746 705 790 suo
736 727 1006 791 nomine
1040 724 1332 789 Romam
1358 725 1671 791 vocavit!
1745 726 1836 789 Et
1866 720 1987 810 pro
2018 725 2374 790 Cornelio:
2420 731 2440 759 ‘
2460 724 2671 807 Sunt,'

402 850 405 853 ’
456 829 703 913 inquit,
732 834 999 895 ‘tamen
1043 829 1165 912 qui
1204 827 1483 892 eundem
1530 829 1715 893 illum
1749 829 2033 893 duorum
2064 847 2433 905 numerum,
2467 848 2668 911 quem

455 930 718 1005 Cicero,
749 939 1029 1014 ponant.
1118 930 1300 995 Inter
1343 951 1518 1013 quos
1561 931 1946 1010 Tuditanus
1986 937 2054 995 et
2095 931 2512 1014 Pomponius
2541 930 2667 996 At-

455 1034 662 1108 ticus,
695 1032 1069 1116 Liviusque
1096 1031 1360 1096 noster.'
1430 1033 1607 1097 Tum
1638 1035 1843 1097 etiam
1873 1034 2056 1117 quod
2088 1034 2157 1098 in
2184 1034 2317 1098 hoc
2349 1041 2368 1069 ‘
2392 1033 2478 1096 de
2511 1032 2666 1097 Ori-

451 1136 632 1218 gine,
661 1135 1229 1219 Principibusque
1268 1132 1490 1198 Rom?
1520 1134 1776 1213 libello,
1805 1135 2371 1219 quemadmodum
2402 1143 2473 1201 et
2500 1134 2663 1213 illis,

451 1260 605 1324 quae
651 1245 1032 1323 supersunt,
1061 1239 1132 1300 in
1177 1236 1573 1301 Ciceronem
1610 1230 2399 1321 ‘fragmentisfrequenter
2428 1238 2662 1304 admo-

449 1342 612 1405 dum
657 1340 931 1423 Virgilii
970 1339 1377 1403 testimoniis
1420 1340 1625 1403 utitur
1664 1359 1815 1402 cum
1858 1338 2028 1422 quid
2075 1339 2335 1414 astruit,
2368 1346 2436 1404 et
2480 1346 2664 1406 utro-

446 1443 652 1527 bique
680 1461 1154 1525 nonuunquam
1184 1447 1483 1505 nostrum
1515 1442 1864 1526 appellat.
1936 1440 2095 1507 Fuit
2121 1442 2296 1505 enim
2326 1439 2663 1510 Asconius
2691 1488 2695 1495 -

446 1545 618 1608 adeo
646 1544 916 1627 Virgilii
956 1543 1331 1619 studiosuS,
1362 1549 1436 1608 ut
1480 1543 1721 1608 librum
1760 1547 1991 1609 contra
2021 1543 2292 1624 Virgilii
2322 1546 2660 1635 obtrecta-

447 1655 646 1726 toreS,
692 1646 1267 1731 quemadmodum
1316 1644 1384 1707 in
1427 1646 1570 1710 vita
1613 1645 1920 1729 ejusdem
1964 1645 2233 1728 Virgilii
2274 1646 2419 1710 Tit.
2456 1645 2659 1713 Clau-

444 1749 600 1813 dius
647 1749 957 1814 Donatus
1001 1747 1211 1823 affert,
1241 1746 1549 1811 ediderit.
1641 1747 1823 1812 Nam
1865 1747 2223 1812 Octavium
2254 1745 2542 1814 Avitum
2588 1755 2662 1814 et

445 1852 787 1916 Poetilium
830 1850 1231 1915 Faustinum
1269 1848 1448 1915 furta
1477 1849 1775 1932 Virgilii,
1808 1852 1987 1916 unde
2016 1850 2334 1915 videlicet
2362 1870 2657 1935 quaeque
2760 1862 2768 1867 ”

441 1954 743 2017 carmina
786 1955 1285 2036 surriperentur,
1321 1960 1622 2030 notasse,
1653 1953 1931 2018 Servius
1976 1953 2189 2019 refert.
2276 1952 2659 2020 Asconium

440 2057 675 2139 itaque
723 2055 1015 2119 Neronis
1062 2061 1363 2139 tempore
1405 2056 1664 2121 vixisse
1709 2046 2228 2136 Eusebiusait3
2273 2057 2479 2140 eique
2524 2056 2658 2122 Fa-

438 2160 593 2224 bius
634 2159 899 2223 Latinae
928 2158 1180 2241 linguae
1212 2159 1468 2223 cultum
1498 2166 1567 2223 et
1596 2162 2056 2225 auctoritatem
2086 2160 2405 2224 attribuit.
2513 2160 2659 2225 Pli-

436 2263 588 2346 nius
628 2281 786 2326 vero
821 2263 992 2326 inter
1032 2273 1361 2347 auctores*
1384 2282 1544 2327 suos
1576 2283 1728 2328 eum
1758 2271 2123 2335 enumerat.
2210 2263 2520 2326 AEtatem
2568 2263 2660 2327 ad

435 2384 689 2428 annum*
731 2366 1217 2447 octogesimum
1271 2364 1582 2448 quintum
1605 2356 1964 2448 ’perduxit,
2010 2366 2184 2430 adeo
2234 2371 2330 2428 ut*
2353 2363 2654 2448 Virgilio

433 2476 833 2532 notus·esse
872 2468 1167 2551 potuerit
1208 2476 1275 2533 et
1316 2468 1542 2533 Livio.
1634 2466 1812 2547 Quae
1856 2489 2011 2534 cum
2047 2470 2146 2534 ita
2175 2468 2332 2544 sint,
2360 2468 2471 2533 his
2514 2469 2655 2533 fere

433 2570 838 2654 conjecturis
889 2570 1209 2653 quinque,
1256 2591 1428 2653 quas
1470 2572 1858 2636 summatim
1902 2580 2159 2654 repeto,
2207 2570 2535 2648 adducor,
2574 2578 2655 2636 ut

434 2662 778 2738 auctorem
804 2673 1006 2755 hujus
1024 2673 1181 2737 libri
1200 2674 1313 2736 ‘de
1332 2672 1524 2738 Viris
1549 2673 2063 2740 Illustribus'et
2085 2680 2102 2709 ‘
2122 2673 2391 2756 Origine
2411 2671 2655 2739 Urbis’

375 2770 384 2781 ⁸
435 2773 813 2839 Asconium
851 2775 1125 2839 faciam.
1215 2775 1442 2840 Primo
1473 2778 1636 2860 quia
1668 2777 1794 2841 sub
1825 2776 2089 2841 initium
2117 2775 2368 2858 capitis
2402 2791 2452 2837 1.
2483 2795 2648 2841 auc·

430 2887 558 2941 tor·
579 2879 734 2942 libri
778 2878 1010 2942 scribit
1046 2878 1118 2940 in
1154 2875 1306 2942 haec
1338 2880 1596 2943 .verba:
1653 2883 1674 2916 ‘
1706 2880 1942 2961 Quare
1976 2883 2211 2942 autem
2253 2877 2516 2943 addidit
2547 2889 2651 2943 tu-

430 2980 561 3043 tus'
589 2979 708 3065 (de
743 2980 1033 3061 Virgilio
1066 2977 1409 3063 loquitur)
1453 2986 1474 3016 ‘
1497 3000 1625 3044 suo
1666 2981 1820 3046 loco
1867 2981 2251 3064 plenissime
2293 2979 2651 3046 adnotavi·-

427 3104 584 3147 mus
623 3084 689 3148 in
729 3084 1307 3159 commentatione,
1338 3067 1553 3166 quam
1578 3085 2002 3168 occoepimus
2034 3084 2346 3159 scribere,
2376 3084 2651 3165 cognita

426 3207 515 3250 ex
560 3207 644 3251 eo
687 3185 858 3249 libro
901 3185 1018 3267 qui
1065 3185 1433 3269 inscriptus
1479 3195 1613 3265 est,
1644 3188 1729 3252 de
1758 3185 2033 3270 Origine
2061 3184 2442 3251 Patavina?
2531 3186 2649 3253 Ita

427 3309 578 3352 cum
619 3308 769 3352 eum
811 3288 1054 3351 librum
1086 3292 1107 3322 ‘
1132 3288 1216 3351 de
1257 3287 1533 3372 Origine
1574 3277 1944 3354 Patavina'
1989 3289 2360 3371 scripserit,
2392 3290 2647 3371 potuit,

426 3397 494 3455 et
521 3391 683 3454 dum
711 3410 863 3454 eum
894 3392 1241 3469 scriberet,
1272 3412 1409 3457 una
1437 3394 1732 3458 scribere
1764 3397 1785 3427 ‘
1805 3392 1891 3456 de
1926 3390 2194 3472 Origine
2222 3390 2467 3454 Gentis
2501 3389 2650 3454 Ro-

423 3490 682 3557 manae'
723 3492 906 3576 quod
939 3493 1028 3556 sit
1066 3512 1279 3576 prope
1308 3493 1613 3578 ejusdem
1648 3495 2047 3576 argumenti.
2137 3491 2389 3557 Saltem
2422 3489 2647 3557 affinis

423 3604 702 3682 propter
741 3596 1050 3672 AEneam',
1081 3615 1123 3659 a
1168 3614 1304 3679 quo
1343 3598 1506 3660 urbs
1548 3596 1815 3671 initium,
1848 3595 2049 3660 duxit
2088 3614 2310 3671 suum,
2346 3593 2457 3657 vel
2502 3612 2647 3657 non

423 3696 776 3762 dissimilis
827 3697 1120 3781 quidem.
1210 3697 1322 3764 De
1374 3697 1707 3763 Patavina
1754 3718 1916 3763 vero
1964 3698 2217 3779 origine
2262 3695 2644 3760 Asconium

419 3797 672 3883 potiuS,
703 3818 906 3882 quam
950 3799 1161 3863 alium
1202 3800 1539 3883 quemvis,
1568 3800 1927 3884 scripsisse
1954 3800 2109 3864 ideo
2139 3798 2216 3862 fit
2246 3797 2645 3876 verisimile,

408 3904 585 3986 'quia
629 3901 1003 3965 Patavinus
1043 3908 1248 3978 esset,
1282 3921 1423 3986 quo
1463 3921 1607 3967 suae
1637 3903 1855 3985 gentis
1881 3900 2230 3966 historiam
2259 3899 2641 3990 illustrans,

419 4010 678 4087 gratum
709 4003 798 4067 iis
825 4003 1107 4067 faceret.
1184 4001 1280 4068 At
1310 4006 1371 4068 si
1401 3999 1751 4069 Asconius
1782 4004 1927 4088 ejus
1959 4014 1977 4039 ⁶
2003 4002 2087 4066 de
2120 4000 2396 4083 Origine
2427 4000 2640 4067 Pata-

336 4115 358 4134 ·
417 4103 615 4170 vina’
659 4104 815 4168 libri
854 4111 961 4167 est
1007 4112 1265 4181 auctor,
1291 4106 1751 4178 necessarium
1792 4111 1895 4169 est
1922 4104 2114 4169 fateri
2147 4122 2235 4167 ex
2266 4102 2371 4167 his
2401 4102 2644 4185 proxi*

415 4209 547 4272 mis
598 4206 1064 4292 superioribus
1120 4206 1348 4275 verbis
1400 4228 1559 4274 eum
1605 4207 1807 4293 hujus
1858 4214 2210 4273 auctorem
2263 4225 2417 4271 esse
2460 4204 2641 4270 libri.
