3023 4942
1050 409 1408 458 arrromn.
1486 410 1652 459 cAr.
1696 410 1816 459 xn
2391 393 2524 460 383

334 572 680 637 germanus
709 551 877 634 Titi,
905 553 1263 636 imperavit
1296 574 1508 619 annos
1529 554 1967 639 quindecim.·
2048 555 2117 620 2.
2162 554 2289 620 Ille
2310 556 2523 639 primo

333 658 754 721 clementiam
804 656 1151 735 simulans,
1197 677 1415 741 neque
1461 658 1636 723 adeo
1678 659 1856 722 iners
1904 657 2111 738 domi,
2168 656 2524 742 belloqueb

331 758 713 823 tolerantior
741 758 1137 824 videbatur:
1183 759 1574 844 idcircoque
1605 759 1848 824 Cattos
1863 758 2375 844 Germanosque
2406 759 2521 825 de-

330 861 531 943 vicit3
567 861 684 945 jus
716 862 1101 944 aequissime
1134 862 1327 927 dixit.
1364 862 1483 927 «3.
1530 860 1768 927 Romae
1809 863 2029 927 multa
2080 862 2368 930 aedificia
2415 863 2522 928 vel

325 970 578 1045 coepta,
634 963 740 1027 vel
791 982 833 1025 a
881 961 1332 1028 fundamentis
1380 965 1784 1029 construxit.
1844 965 1942 1028 -4.
2011 964 2473 1032 Bibliothecas
2496 976 2521 1004 ⁰

323 1064 628 1129 incendio
657 1072 1072 1144 consumtaS,
1094 1067 1330 1150 petitis
1359 1067 1670 1154 undique,
1693 1068 2062 1151 praesertim
2081 1066 2519 1144 Alexandria,

326 1167 681 1249 exemplis,
728 1169 1094 1249 reparavit.
1181 1169 1245 1232 5.
1289 1166 1748 1250 Sagittarum‘¹
1800 1159 1937 1235 tam
1986 1169 2409 1247 doctusfuit,
2439 1179 2520 1233 ut

322 1265 493 1330 inter
526 1275 838 1350 patentes
867 1269 1113 1351 digitos
1143 1277 1436 1335 extentae
1463 1290 1705 1335 manus
1731 1273 1856 1337 viri
1880 1274 2117 1357 procul
2144 1273 2351 1356 positi
2380 1273 2517 1355 spi-

322 1368 479 1432 cula
524 1371 1041 1435 transvolarent.
1133 1374 1197 1436 6.
1246 1371 1511 1437 Dehinc
1560 1381 1760 1437 atrox
1814 1374 2142 1452 caedibus,
2188 1359 2519 1438 bonorum

321 1470 672 1554 supplicia
689 1490 881 1553 agere
902 1474 1153 1556 coepit3
1198 1485 1281 1538 ac
1311 1493 1490 1537 more
1521 1474 1601 1539 C.
1622 1473 1947 1557 Caligulae
1965 1476 2330 1540 Dominum
2361 1494 2515 1539 sese

320 1573 678 1657 Deumque
701 1573 837 1638 dici
866 1574 1087 1657 coegit
1111 1597 1128 1640 ι
1175 1578 1539 1660 segnisque
1560 1577 1874 1654 ridicule,
1897 1577 2166 1643 remotis
2190 1578 2518 1655 omnibuS‚

319 1695 708 1741 muscarum
737 1679 1002 1761 agmina
1017 1679 1572 1763 persequebatur.
1656 1681 1723 1745 ’7.
1757 1679 2013 1744 Furens
2040 1679 2311 1743 libidine
2336 1699 2354 1759 ;
2383 1698 2515 1742 cu·

1232 1842 1530 1863 “effecte“
1534 1842 1596 1866 00

317 1940 493 1999 tiauus,
519 1953 618 2003 per
642 1947 663 1990 t
681 1941 914 1992 scribunt
930 1941 1065 1991 Mss.
1094 1948 1149 1991 et
1170 1944 1364 1994 nummi
1383 1944 1470 2010 qui
1498 1949 1617 1994 sunt
1635 1943 1849 2007 Augerii
1873 1941 2161 2006 Busbequii
2182 1941 2244 1991 V.
2266 1939 2326 1992 C.
2369 1940 2517 1992 Editi

314 2003 437 2055 libri
460 2009 603 2070 [cum
624 2005 773 2071 Ald.]
808 2007 1120 2057 Domiciuaess
1150 2009 1355 2058 Schott.
1423 2009 1561 2057 Tum
1599 2010 1739 2058 aunis
1777 2010 1895 2058 XV.
1919 2007 2139 2057 Ant—2
2174 2007 2275 2055 Iste
2306 2009 2518 2070 pro-ille

316 2087 492 2124 omnes
514 2072 632 2119 aliae
660 2085 850 2134 proeter
872 2073 993 2134 Bip.
1060 2073 1191 2121 Mox
1228 2080 1243 2101 ⁸
1266 2073 1403 2123 Edd.
1439 2073 1553 2124 fere
1585 2075 1923 2137 distinguunt
1965 2074 2047 2136 [ιιι
2070 2072 2276 2121 Schott.
2317 2071 2515 2121 Gaesb.

315 2137 506 2200 Delpb.
529 2132 745 2201 Pitisc.]
768 2138 918 2197 iners,
941 2137 1068 2185 domi
1091 2137 1310 2199 bellique,
1334 2138 1521 2186 melius
1557 2147 1729 2187 tamen
1754 2139 1942 2198 Aldus,
1973 2139 2102 2186 iners
2122 2138 2265 2192 domi,
2282 2135 2515 2198 bellique:

316 2203 406 2250 sed
432 2203 483 2251 iu
503 2202 717 2250 alterius
741 2202 968 2250 Victoris
992 2204 1264 2251 lectionem
1290 2205 1596 2264 conspirant
1627 2217 1801 2252 omnes
1828 2203 1964 2251 Mss.
1994 2201 2200 2264 belloque
2234 2199 2515 2270 prasci-en-

316 2273 419 2328 tes,
454 2281 584 2329 quos
620 2281 728 2314 sum
771 2275 1021 2325 secutus-3
1056 2268 1252 2315 certior
1296 2268 1521 2325 interim,
1561 2266 1943 2329 praeferendam
1984 2280 2099 2314 esse
2134 2266 2348 2314 aliarum
2388 2266 2513 2314 edd.

316 2332 650 2393 scripturam,
673 2331 715 2378 si
740 2331 831 2380 illa
854 2346 883 2378 a
908 2331 1065 2380 codd.
1089 2330 1718 2383 firmareturssArnea—zt
1753 2339 1769 2362 ⁸
1788 2332 1889 2380 Illa
1923 2333 1997 2379 vel
2033 2335 2184 2393 coepta
2215 2332 2419 2391 requiro
2458 2331 2514 2379 in

312 2395 608 2445 Veronensi
632 2396 786 2453 libro,
811 2403 864 2444 et
890 2404 1038 2445 certe
1064 2396 1247 2445 abesse
1274 2405 1467 2459 potest,
1487 2405 1545 2447 ut
1571 2404 1719 2460 patet
1742 2411 1808 2445 ex
1830 2396 2073 2446 Suetonio
2098 2409 2214 2457 cap.
2236 2395 2302 2443 5.’
2327 2396 2515 2445 Schott.

311 2466 407 2510 ——5
443 2462 642 2526 Spicula
673 2460 773 2521 eius
814 2461 1018 2511 Schott.
1053 2461 1251 2511 Gaesb.
1282 2461 1480 2526 Delph.
1518 2462 1705 2512 Pitisc.
1730 2477 1844 2510 cum
1877 2461 2167 2509 Veronens.
2190 2474 2274 2522 ap.
2307 2459 2540 2510 Schott.

310 2526 510 2576 ‘Unius
535 2527 729 2575 codicis
756 2526 1048 2575 testimonio
1072 2535 1276 2575 tantum
1300 2543 1402 2577 non
1426 2527 1620 2584 tribuo,
1638 2535 1696 2577 ut
1720 2528 1837 2576 ideo
1867 2528 2096 2575 omnium
2122 2525 2334 2574 aliorum
2358 2526 2516 2575 fidem

309 2592 607 2655 rejicerem.
676 2592 866 2654 Neque
889 2592 1024 2640 enim
1049 2593 1310 2641 sententia
1335 2601 1439 2642 tam
1468 2592 1707 2642 absolute
1730 2593 1971 2653 requirit,
1999 2599 2056 2639 ut
2076 2605 2259 2639 novam
2283 2591 2514 2653 particu-

307 2656 410 2704 lam
433 2658 537 2717 eJ'us
558 2653 724 2705 invito
749 2658 947 2706 aiictori
972 2656 1276 2719 adjiciamus
1300 2665 1481 2708 centra
1498 2658 1631 2706 Mss.
1655 2664 1712 2706 et
1734 2657 1958 2720 eddsqui
1982 2656 2139 2704 etiam
2165 2670 2283 2703 mox
2306 2655 2513 2705 cedibus

304 2720 462 2785 [quod
482 2721 695 2771 abfuita
709 2723 1023 2786 Veronens.]
1043 2730 1272 2770 tuentur.
1344 2722 1456 2772 Hoc
1477 2737 1601 2772 vero
1628 2723 1741 2772 loco
1763 2722 2000 2782 sagittare
2023 2720 2173 2770 Leid.
2191 2725 2239 2768 2.
2259 2722 2345 2783 qui
2366 2734 2511 2770 error
2561 2728 2572 2733 “

307 2788 390 2835 vel
408 2795 564 2837 natus
584 2793 664 2835 est
677 2794 892 2835 exucta
915 2788 1371 2851 librariorum‚qua
1395 2788 1447 2836 in
1472 2786 1577 2835 fine
1594 2788 1732 2836 vocis
1754 2786 1909 2835 facile
1931 2801 2012 2834 um
2034 2794 2089 2835 et
2109 2801 2134 2834 e
2153 2785 2511 2841 confunditur,

307 2853 390 2899 vel
408 2852 547 2913 quod
565 2851 888 2901 existimaret
909 2852 1062 2900 homo
1086 2853 1270 2907 bonus,
1293 2853 1461 2901 minus
1483 2861 1649 2909 recte,
1664 2855 1680 2880 ‘
1703 2854 1908 2901 doctum
1927 2849 1941 2871 '
1975 2866 2091 2899 cum
2118 2851 2359 2914 gignendi
2383 2863 2511 2899 casu

300 2916 470 2979 jungi,
493 2917 562 2965 de
586 2932 689 2982 qua
705 2919 1089 2967 constructione
1106 2932 1321 2980 magnus
1344 2919 1524 2967 Bentl.
1546 2918 1609 2965 ad
1641 2917 1838 2965 Horat.·
1854 2915 1960 2965 Od.
1983 2921 2133 2965 111.8.
2157 2929 2233 2965 vs.
2255 2921 2303 2963 5.
2329 2915 2513 2971 Claud.

309 2982 362 3028 in
382 2982 606 3043 Eutrop.
641 2982 731 3030 lib.
754 2996 820 3030 ιι.
851 2996 926 3030 vs.
959 2981 1090 3030 381:
1119 2982 1397 3032 Arata—6
1432 2983 1727 3031 Pronomen
1768 2983 1826 3030 G.
1862 2987 1982 3028 ante
2025 2981 2265 3037 Caliguloe
2303 2980 2355 3026 iu
2389 2979 2512 3027 Ald.

305 3044 506 3096 Schott.
528 3047 938 3109 Gaesb.Delph.
973 3047 1158 3097 Pitisc.
1183 3047 1530 3096 desideratur.
1594 3049 1720 3097 Mox
1757 3045 2069 3107 ‘Segnisque.
2116 3044 2307 3093 Pitboei
2345 3044 2512 3093 codex

306 3112 589 3174 dignisque.-
622 3111 760 3176 quod
784 3110 921 3161 forte
942 3126 1045 3160 non
1072 3113 1432 3175 rejiciendum,
1456 3121 1513 3160 ιιι
1539 3112 1604 3160 de
1630 3111 2041 3160 honoratioribus
2075 3110 2264 3157 aulicis.
2281 3110 2508 3169 accipia-

303 3182 438 3226 mus.
462 3177 731 3240 Cujaciiet
748 3176 809 3224 P.
819 3177 1055 3225 Danielis
1071 3177 1312 3240 signisque
1324 3194 1345 3236 ‚-
1359 3178 1617 3241 quomodo
1634 3187 1689 3226 et
1698 3175 2014 3224 Veronensis
2028 3175 2106 3237 [et
2122 3172 2305 3234 Ald.].'
2321 3173 2508 3224 Schott.

306 3240 595 3304 ‘Equidem
618 3240 861 3305 putabam
881 3256 1140 3304 meusque.
1205 3242 1727 3292 Loevin.'1'orrentius
1763 3240 1827 3289 ad
1860 3241 2075 3289 Sueten.
2112 3238 2338 3302 conjecit
2359 3238 2509 3286 stilis-

306 3318 429 3364 que,·
461 3319 612 3370 quam
637 3307 925 3367 lectionem,
944 3307 987 3354 si
1011 3305 1407 3356 confirmassent
1431 3308 1586 3355 codd.
1612 3308 1739 3356 Mss.
1764 3306 2034 3368 probasset
2059 3301 2339 3353 Schottus.’
2357 3303 2506 3351 Harl.

301 3369 444 3420 Tum
466 3371 602 3421 male
625 3369 903 3434 distinguit
925 3371 1047 3420 Διά.
1067 3372 1266 3434 agmina
1282 3373 1654 3436 persequebatur
1674 3372 1851 3431 furens
1881 3369 2097 3420 libidine.
2165 3367 2333 3430 Cujus,
2354 3370 2505 3431 qe.—

1289 3502 1508 3554 NOTAE

366 3602 391 3629 ⁸
411 3594 577 3644 Auuos
595 3594 883 3660 quindecim]
910 3597 982 3646 Et
1004 3596 1115 3646 dies
1139 3604 1189 3648 5.

366 3668 391 3702 ¹>
421 3670 589 3726 Domi.
610 3671 816 3734 belloque
838 3671 1084 3736 [bellique]
1111 3672 1286 3723 Aliter
1307 3675 1361 3725 in

305 3744 625 3796 Caesaribus:
657 3748 673 3775 ‘
692 3748 879 3811 Neque
899 3749 1032 3797 adeo
1051 3750 1187 3799 iners
1202 3752 1360 3815 domi,

301 3820 544 3888 belloque
570 3825 910 3875 tolerantior.'

374 3908 398 3935 θ
449 3899 796 3962 Bibliothecae]
851 3903 1070 3951 Sueten.
1119 3916 1237 3965 cap.
1275 3907 1359 3952 20.

301 3978 319 4001 ‘
354 3973 617 4026 Liberalia
646 3977 836 4026 studia·
860 3978 910 4026 in
965 3977 1114 4026 initio
1151 3978 1359 4039 imperii

281 4052 559 4115 neglexit:
594 4068 887 4119 quanquam
916 4054 1252 4104 bibliothecas
1283 4054 1358 4104 in·

302 4128 489 4187 cendio
510 4131 771 4180 absumtas
805 4131 1181 4195 impensissime
1212 4146 1359 4195 repa-

301 4216 415 4253 rare
451 4214 681 4269 curaret,
719 4209 1102 4272 exemplaribus
1134 4208 1359 4273 undique

300 4280 514 4342 petitis3
551 4284 819 4348 missisque
855 4283 1225 4334 Alexandriam
1269 4283 1359 4350 qui

1441 3601 1821 3663 describerent,
1837 3595 2317 3660 emendareutque2'
2331 3610 2505 3659 quam·

1443 3678 1521 3724 vis
1553 3677 1826 3725 maximam
1861 3676 2000 3741 illam
2026 3671 2292 3721 Ptolemaei
2330 3671 2505 3719 Phila-

1442 3752 1619 3814 delphi
1672 3752 2035 3801 bibliothecam
2090 3750 2228 3798 bello
2275 3747 2503 3797 Alexan-

1441 3829 1592 3877 drino
1616 3837 1849 3877 exustam
1871 3827 2053 3877 scribit
2075 3824 2344 3874 Plutarch.

1504 3903 1528 3936 ‘¹
1563 3903 1887 3966 Sagittarum]
1921 3901 2056 3951 Vide
2077 3901 2239 3955 Suet.
2271 3914 2384 3962 cap.
2419 3903 2501 3949 19.

1435 3978 1452 4007 ⁸
1479 3979 1857 4043 Nonnunquam
1875 3980 1926 4027 in
1950 3975 2095 4042 pueri
2120 3975 2300 4039 procul
2317 3975 2503 4023 stantis

1440 4055 1826 4119 praebentisque
1854 4068 1948 4116 pro
1971 4052 2184 4115 scopulo
2206 4052 2500 4111 dispansam

1438 4130 1640 4179 dextrae
1665 4144 1842 4195 manus
1862 4130 2102 4192 palmam,
2120 4125 2332 4188 sagittas
2352 4132 2502 4173 tanta

1439 4216 1554 4257 arte
1576 4208 1785 4261 direxit,
1816 4213 1874 4255 ut
1904 4218 2082 4253 omnes
2108 4217 2200 4271 per
2222 4200 2499 4252 intervalla

1438 4283 1720 4348 digitorum
1741 4284 1960 4347 innocue
1982 4275 2303 4331 evaderent.’
