3023 4942
470 376 603 444 330

473 537 935 623 appellarique
964 536 1058 601 uti
1084 537 1326 602 Deum.
1412 539 1480 602 5.
1528 536 1709 616 Quis
1738 537 1961 616 rebus,
1988 543 2310 620 quantum
2340 535 2675 620 ingenium

473 648 599 718 est,
636 650 1059 725 compertum
1103 642 1349 719 habeo,
1387 641 1799 705 humillimos
1838 658 2176 724 quosque,
2227 640 2521 703 maxime
2560 638 2678 703 ubi

474 745 615 809 alta
645 749 1097 820 accesserunt,
1117 744 1432 828 superbia
1449 751 1652 828 atque
1675 743 2041 807 ambitione
2070 741 2474 806 immodicos
2505 760 2679 805 esse.

472 847 540 911 6.
584 846 774 911 Hinc
808 845 1119 911 Mariusss
1169 853 1431 929 patrum
1462 846 1823 925 memoria3
1869 844 2021 908 hinc
2052 844 2182 908 iste
2212 848 2471 919 nostra,
2504 862 2681 907 com-

473 967 745 1012 munem
776 947 1077 1013 habitum
1108 948 1551 1031 supergressi,
1582 946 1739 1011 dum
1770 947 2038 1010 animus
2057 945 2386 1030 potentiae
2409 963 2681 1027 expete,
2725 968 2728 979 ·

476 1054 798 1133 tanquam
829 1049 1056 1115 inedia
1087 1046 1374 1125 refecti,¹¹
1419 1048 1822 1113 insatiabilis
1855 1060 1979 1114 est.
2066 1048 2134 1112 7,
2177 1044 2338 1126 Quo
2366 1045 2531 1110 mihi
2558 1046 2681 1110 mi-

473 1171 619 1217 rum
672 1148 972 1227 videtur,i
1022 1151 1355 1215 nobilitati
1413 1152 1771 1243 plerosque
1824 1151 2211 1234 superbiam
2254 1150 2453 1229 dare3
2522 1168 2681 1233 quae

473 1254 694 1335 gentis
724 1254 1024 1339 patriciae
1056 1269 1331 1328 memor,
1379 1255 1865 1331 molestiarum,
1913 1252 2067 1338 quis
2110 1253 2425 1335 agitatur,
2459 1242 2683 1316 *reme-

478 1349 617 1434 dio,
665 1358 957 1421 eminere
1000 1356 1350 1440 paululum
1413 1356 1631 1439 pluris
1687 1356 1913 1424 habet.
1998 1356 2066 1419 8.
2113 1355 2374 1420 Verum
2417 1355 2570 1420 haec
2616 1357 2683 1419 in

475 1456 759 1523 Valerio
790 1457 1086 1522 obducta
1114 1459 1357 1523 ceteris
1388 1453 1637 1536 boniS,¹¹
1659 1477 1877 1540 eoque
1900 1459 2078 1542 ipso,
2103 1458 2288 1542 quod
2315 1457 2685 1522 Dominum

475 1560 614 1625 dici
655 1580 924 1644 passus,
954 1568 1293 1643 parentem
1338 1558 1549 1643 egit:¹
1609 1546 1911 1644 satisque
1957 1569 2257 1635 constat,
2291 1560 2686 1644 prudentem

477 1661 694 1725 virum
722 1662 1003 1726 edocere
1032 1661 1350 1740 voluisse,
1378 1660 1802 1751 atroci-tatem
1824 1683 2042 1727 rerum
2066 1665 2301 1746 magis,
2334 1682 2538 1746 quam
2570 1682 2686 1727 no-

477 1763 729 1827 minum
771 1764 1052 1829 officere.
1141 1764 1217 1834 9„
1255 1764 1536 1829 Interim
1580 1763 1868 1829 Carinus
1914 1785 2168 1842 eorum,
2218 1786 2373 1849 quae
2425 1764 2687 1831 accide-

478 1873 653 1941 rant,
697 1866 983 1946 certior3
1054 1885 1205 1949 spe,
1247 1865 1524 1932 facilius
1571 1877 1999 1951 erumpentes
2043 1873 2325 1932 motus¹¹¹
2379 1868 2689 1932 sedatum

479 1967 587 2043 iri,
618 1964 963 2051 Illyricum
1010 1988 1297 2052 propere
1329 1968 1557 2033 Italiae
1604 1968 1895 2034 circuitu
1924 1972 2116 2053 petit.
2204 1971 2313 2036 10.
2358 1970 2470 2034 Ibi
2512 1969 2560 2034 J
2566 1968 2689 2033 uli-

480 2077 738 2147 anum,¹²
766 2070 962 2153 pulsa
990 2070 1142 2154 ejus
1176 2072 1349 2151 acie,
1381 2073 1757 2138 obtruncat.
1848 2071 2168 2157 Namque
2200 2074 2261 2137 is
2291 2093 2445 2138 cum
2474 2071 2692 2136 Vene-

478 2175 585 2236 tos
614 2179 991 2238 eorrectura
1010 2179 1302 2256 ageret?
1333 2171 1489 2237 Cari
1535 2180 1749 2239 morte
1777 2175 2065 2257 cognita,
2094 2176 2446 2259 imperium
2490 2191 2693 2238 avens

1621 2317 1771 2341 ‘00⁴0

483 2402 684 2466 Delph.
705 2402 888 2453 Pitisc.
955 2405 1081 2455 Post
1105 2405 1213 2454 Cal.
1229 2409 1336 2468 post
1358 2404 1508 2456 Dom-
1535 2403 1585 2451 in
1610 2412 1717 2454 vet.
1737 2403 1831 2453 lib.
1852 2383 1939 2467 ap.
1960 2404 2262 2454 Schott.—8
2297 2403 2361 2453 In
2384 2402 2491 2455 fine
2512 2405 2695 2470 officere

484 2484 581 2533 pro
621 2471 801 2537 efficere
837 2469 986 2521 malit
1028 2471 1338 2522 Scirem-9
1371 2469 1472 2535 Spe
1500 2466 1707 2528 facilius
1736 2474 2027 2534 erumpentis
2066 2478 2218 2521 metus
2251 2470 2459 2521 Schott.
2496 2469 2695 2521 Gaesb.

1480 2581 1700 2636 NOTAE

548 2672 575 2708 s
608 2661 828 2728 Marius]
864 2665 928 2715 C.
949 2664 1170 2715 Marius.
1698 2666 1722 2701 ¹¹
1758 2664 1883 2716 Haee
1906 2667 1957 2715 in
1987 2665 2180 2717 Valerio
2201 2664 2402 2715 obducta
2421 2664 2595 2714 ceteris
2621 2664 2697 2713 bo-

549 2738 574 2773 h
608 2741 850 2804 Tanquam
891 2742 1054 2791 inedia
1092 2741 1283 2805 rqseeti]
1338 2742 1402 2792 Id
1450 2751 1551 2799 est,
1632 2741 1732 2806 nis]
1793 2744 2021 2794 Versum
2061 2743 2351 2805 παροιμιώδη
2392 2742 2696 2791 Graecorum

1078 388 1306 440 snxrr
1357 390 1680 439 Annum
1733 389 2084 451 moronis

484 2825 732 2882 tauquam
752 2819 838 2881 qui
873 2832 930 2866 se
958 2826 1079 2881 pos-t
1113 2820 1336 2868 inediam
1361 2827 1418 2869 et
1438 2820 1551 2868 lon-

485 2908 604 2956 gam
627 2893 814 2942 famem
841 2892 1098 2950 reficiunt,
1131 2895 1299 2958 epulis
1334 2894 1550 2944 admoti.

487 2971 562 3021 Et
602 2969 871 3032 eleganter
904 2973 981 3019 ait
1013 2970 1268 3033 potentiae
1304 2978 1552 3034 expertes

485 3039 810 3098 insatiabiles
844 3061 980 3110 esse,
1014 3056 1257 3111 tanquam
1284 3047 1552 3098 famelicos

488 3124 578 3189 qui
597 3124 763 3189 epulis
784 3124 1001 3187 admoti,
1022 3122 1223 3173 fercula
1247 3125 1472 3187 integra,
1496 3133 1554 3175 et

489 3202 708 3251 struices
729 3202 1016 3265 patinarias
1041 3201 1203 3250 oculis
1228 3201 1501 3251 devorant.

554 3276 571 3311 ¹
591 3279 699 3334 Quo
720 3278 839 3327 milii
860 3278 1033 3327 mirum
1052 3276 1264 3340 videtur]
1288 3278 1417 3327 Cum
1442 3293 1554 3327 cer·

490 3358 600 3404 turn
637 3354 707 3405 sit
729 3355 1037 3405 humillimos
1058 3369 1309 3419 quosque,
1332 3354 1420 3404 ubi
1447 3356 1554 3424 alta

489 3436 841 3494 accesserunt,
863 3429 1111 3494 snperbia
1139 3430 1441 3480 immodicos
1474 3446 1555 3480 es-

489 3523 583 3569 se3
618 3507 716 3558 sibi
739 3508 922 3557 mirum
947 3507 1113 3556 videri
1138 3507 1233 3567 ait,
1261 3509 1452 3557 multos
1476 3512 1557 3557 esi

491 3598 551 3634 se
571 3585 661 3648 qui
683 3583 944 3633 nobilitati
968 3582 1265 3647 superbiam
1301 3584 1552 3647 tribuant,

490 3650 611 3725 qnae'
635 3658 841 3725 quidem
860 3658 1106 3710 nobilitas
1130 3658 1301 3722 gentis
1317 3661 1553 3723 patriciae

492 3731 690 3785 memor
734 3734 1108 3799 aliquantulum
1147 3748 1302 3798 supra
1346 3741 1553 3784 ceteros

493 3812 725 3862 eminere
746 3810 913 3876 pluris
933 3808 1080 3867 facit,
1102 3809 1332 3860 remedio
1348 3811 1555 3861 scilicet

491 3892 848 3943 molestiarum
871 3890 1057 3957 quibus
1079 3891 1326 3954 agitatur,
1340 3891 1440 3941 hoc
1456 3896 1556 3947 est,

492 3978 556 4018 ut
578 3968 829 4018 molestiis
852 3968 1040 4032 quibus
1063 3966 1308 4032 agitatur,
1333 3968 1558 4018 remedi-

460 4052 463 4055 ’
492 4060 580 4095 um
604 4046 814 4095 habeat.
850 4044 1197 4095 Nobilitatem
1221 4056 1396 4096 autem
1425 4063 1558 4111 prae-

493 4124 648 4187 cipue
682 4123 933 4174 molestiis
970 4124 1043 4173 ait
1077 4123 1287 4188 agitari,
1316 4126 1454 4189 quod
1483 4125 1559 4176 illi

494 4199 672 4262 plures
714 4214 877 4264 curae,
906 4200 1119 4265 'majora
1160 4201 1396 4265 pericula
1434 4201 1557 4268 subss

493 4277 688 4327 cunda.
1370 4271 1385 4288 ⁹
1545 4277 1550 4280 '

1631 2820 1837 2880 alludit,
1853 2820 2030 2870 ἄλλοις
2050 2821 2104 2869 ἐν
2137 2821 2325 2869 ἐσθλοῖς
2346 2816 2475 2868 τόνδ’
2504 2818 2699 2868 ἀπωθεῖ-

1629 2916 1713 2947 ται
1743 2896 1913 2961 ψόγον·
1947 2898 2044 2947 hoc
2080 2907 2179 2955 est,
2214 2897 2327 2947 aliis
2365 2896 2417 2946 in
2448 2896 2586 2945 bonis
2614 2896 2699 2945 hoc

1631 2976 1807 3025 avertit
1828 2977 2047 3024 dedecus.
2078 2974 2197 3023 Cas.

1699 3049 1714 3084 ¹
1745 3050 2150 3115 Poeentemegit']
2185 3048 2279 3098 Ait
2294 3048 2562 3098 Valerium
2582 3060 2697 3097 curn

1629 3140 1690 3177 se
1715 3127 1996 3175 Dominum
2018 3126 2123 3175 dici
2147 3140 2327 3189 passus
2359 3133 2459 3187 est,
2484 3140 2549 3175 eo
2567 3123 2699 3187 poti·

1633 3218 1693 3253 us
1717 3210 1993 3267 parentem
2012 3217 2166 3265 quam
2195 3210 2468 3265 tyrannum
2491 3201 2680 3264 egisse.

1642 3324 1646 3329 ,
1698 3286 1736 3312 ¹¹¹
1772 3280 2085 3342 Erumpentes
2102 3279 2257 3326 molus
2276 3277 2591 3341 [erumpentis
2609 3290 2702 3324 me-

1633 3355 1737 3419 tus]
1778 3355 1923 3417 Lege
1964 3362 2021 3403 ut
2060 3351 2265 3403 Schott.
2301 3352 2397 3415 Spe
2418 3351 2624 3412 facilius
2656 3367 2706 3401 e·

1635 3435 1908 3494 rumpentes
1928 3435 2082 3479 motus
2108 3432 2324 3479 sedatum
2356 3430 2449 3479 iri:
2483 3429 2581 3479 hoc
2604 3436 2703 3483 est,
2729 3471 2738 3484 ,

1638 3509 1886 3569 ‘sperans
1911 3511 2243 3569 erumpentes
2268 3513 2439 3555 motus
2464 3503 2704 3556 sedatum

1635 3582 1699 3632 iri
1722 3580 1966 3637 facilius!

1697 3667 1725 3695 ¹¹
1758 3659 1837 3708 Ibi
1868 3656 2145 3721 Julianum]
2180 3657 2272 3708 Ait
2302 3656 2516 3722 Illyrico
2539 3657 2706 3710 Julia-

1633 3751 1756 3787 num
1788 3737 2001 3786 victum.
2058 3735 2193 3797 Alii,
2228 3735 2281 3783 in
2304 3731 2515 3798 Campis
2539 3733 2703 3783 Vero·

1633 3812 1897 3863 nensibus.

1704 3899 1730 3925 ⁰
1765 3891 1889 3939 Cum
1941 3887 2145 3939 Venetos
2196 3892 2465 3938 correctura
2519 3889 2704 3950 ageret]

1638 3967 1705 4017 Id
1726 3974 1830 4028 est,
1861 3969 1877 3995 ⁶
1895 3980 2012 4015 cum
2035 3965 2271 4013 Venetos
2295 3971 2598 4013 correctura
2622 3976 2700 4011 re·

1640 4051 1792 4109 geret
1811 4059 1828 4105 ς
1860 4056 1979 4092 cum
1995 4043 2320 4091 Venetorum
2337 4047 2607 4089 corrector
2627 4049 2702 4104 esf

1639 4119 1757 4172 set.'
1825 4120 1906 4170 De
1957 4117 2343 4169 correctoribus
2391 4129 2554 4181 supra
2594 4113 2699 4165 dic·

1641 4205 1771 4250 tum.
2320 4206 2327 4212 ’
