3023 4942
1088 405 1440 457 neironis.
1516 408 1679 457 cAP.
1725 406 1808 457 x.
2410 386 2540 456 381

346 557 510 619 nata
537 569 949 620 concessave
975 569 1018 617 a
1044 551 1380 636 prioribus
1428 550 1852 635 principibus
1896 549 2158 616 firmare
2187 550 2540 636 insequen-

353 661 457 720 tes
505 655 832 734 solerent;
878 654 1108 720 simul¹
1148 655 1500 739 imperium
1543 653 1773 737 coepit,
1823 653 1984 719 talia
2034 654 2540 737 possidentibus

350 757 574 823 edicto
631 764 867 841 sponte
925 756 1135 823 cavit.
1250 758 1316 822 9.
1364 756 1679 835 Quadam
1730 756 1934 821 etiam
1992 755 2125 834 die,
2183 757 2542 823 recordans

340 860 615 943 -vesperi
638 857 665 896 ¹
694 860 858 924 nihil
903 878 978 924 se
1018 861 1330 943 cuiquam
1365 860 1792 942 praestitisse,
1826 858 2196 923 venerando
2241 858 2542 923 coelesti-

348 978 476 1042 que
503 961 709 1040 dicto,
740 960 988 1040 Amici,
1019 963 1141 1041 ait,
1172 961 1585 1044 perdidimus
1615 959 1831 1025 diem:
1876 959 2059 1043 quod
2106 966 2252 1026 erat
2287 961 2545 1042 magni-

346 1058 498 1126 ficae
522 1063 971 1129 liberalitatis.
1061 1063 1168 1129 10.
1214 1063 1655 1128 Clementiam
1678 1081 1834 1126 vero
1857 1081 2074 1147 usque
2097 1082 2179 1127 eo
2202 1062 2545 1146 perduxit,

347 1165 442 1240 ut,
468 1165 873 1248 amplissimi
902 1164 1154 1230 ordinis
1177 1164 1311 1228 duo
1342 1183 1496 1228 cum
1528 1164 1850 1228 adversus
1881 1183 2032 1228 eum
2052 1165 2541 1252 conjurassent,

347 1281 566 1348 neque
597 1268 892 1331 abnuere
937 1267 1300 1349 cogitatum
1335 1264 1562 1328 scelus
1603 1263 1896 1348 quirent,
1925 1264 2260 1329 monuerit
2287 1265 2539 1349 primo:

347 1371 525 1445 post,
556 1366 885 1432 deductos
915 1367 985 1430 in
1025 1366 1487 1451 spectaculum
1519 1366 1950 1449 sessutrimque
1996 1367 2298 1431 assidere
2319 1367 2542 1451 jusse-

345 1465 455 1543 rit,
503 1469 853 1552 petitoque
899 1489 991 1533 ex
1042 1469 1371 1535 industria
1417 1464 1934 1546 mirmillonum,¹
1982 1489 2263 1553 quorum
2301 1488 2542 1552 pugnae

347 1568 760 1649 visebantur,
792 1571 1041 1653 gladio,
1064 1572 1261 1654 quasi
1284 1569 1371 1635 ad
1403 1569 1890 1652 explorandam
1922 1575 2163 1649 aciem,
2185 1571 2302 1634 uni
2336 1578 2542 1655 atque'

347 1668 542 1735 alteri
572 1673 1029 1752 commiserit3
1076 1670 1693 1756 quibus-perculsis
1723 1676 1791 1736 et
1820 1673 2267 1737 constantiam
2297 1673 2542 1738 miran-
2571 1695 2579 1701 “

344 1769 527 1840 tibus
579 1772 852 1850 diceret,
906 1774 1268 1839 Videtisne
1329 1781 1705 1858 potestates
1749 1774 1892 1840 fato
1938 1776 2109 1853 dari,
2164 1774 2545 1860 frustraque

344 1876 592 1940 tentari
620 1875 888 1940 facinus
918 1876 1227 1958 potiundi
1257 1896 1408 1960 spe,
1437 1876 1546 1940 vel
1568 1876 1909 1941 amittendi
1940 1885 2117 1943 metu
2139 1877 2170 1939 ‘t
2243 1875 2349 1940 11.
2382 1876 2547 1942 Fra·

345 1975 506 2040 trem
529 1984 573 2011 ¹¹¹
603 1996 880 2060 quoque
911 1979 1375 2043 Domitianum
1411 1989 1763 2062 parantem
1794 1979 2094 2058 insidias,
2122 1980 2546 2063 militumque

345 2078 608 2143 animos
648 2071 1129 2158 solicitantem,
1188 2080 1357 2146 flens
1407 2083 1665 2165 saepius
1712 2083 2090 2147 obtestatus
2122 2090 2251 2159 est,
2279 2099 2363 2146 ne
2392 2101 2545 2166 par-

342 2178 585 2245 ricidio
617 2183 894 2265 assequi
925 2191 1226 2267 cuperet,
1261 2183 1445 2267 quod
1476 2190 1550 2248 et
1595 2203 1669 2247 se
1698 2184 1962 2247 volente
1993 2192 2174 2248 esset
2224 2185 2546 2301 oliventu-

343 2299 490 2347 rum
523 2282 614 2359 ei,
645 2291 711 2349 et
750 2285 895 2368 jam
943 2286 1241 2362 haberet,
1271 2306 1424 2350 cum
1473 2286 1564 2349 sit
1591 2286 1936 2370 particeps
1965 2293 2348 2369 potestatis.
2436 2285 2546 2351 12.

345 2379 574 2468 Hujus
604 2391 943 2473 tempore¹¹
993 2407 1191 2453 mons
1236 2386 1583 2453 Vesuvius
1632 2389 1699 2452 in
1730 2386 2108 2474 Campania
2144 2388 2374 2454 ardere
2407 2407 2543 2453 coe-

1261 2552 1532 2574 ‘poma‘
1537 2554 1626 2575 000

341 2645 479 2696 male
499 2648 660 2699 etiam
681 2653 934 2714 pretulit.-
970 2653 1044 2704 sic
1069 2653 1239 2704 facem
1264 2669 1412 2704 novae
1437 2662 1616 2718 nuptae
1651 2651 2036 2718 praeferebant:
2072 2660 2127 2702 et
2152 2653 2268 2703 vide
2303 2653 2543 2706 Servium

345 2707 411 2758 ad
433 2713 640 2763 initium
661 2715 864 2765 AEueid.
882 2731 1010 2767 vm.
1075 2719 1213 2768 Illud
1236 2721 1438 2769 solerent
1462 2721 1515 2784 [§
1541 2719 1616 2784 8.]
1641 2720 1873 2782 quamvis
1911 2721 1961 2767 in
1986 2719 2194 2779 scriptis
2229 2720 2380 2769 codd.
2404 2734 2546 2769 com·

342 2784 518 2843 paret,
545 2793 646 2828 non
668 2781 859 2843 placet.
914 2783 1021 2833 Sed
1060 2784 1185 2833 illud
1226 2785 1367 2832 simul
1394 2785 1663 2847 imperium,
1699 2791 1969 2832 venustum
2009 2783 2217 2832 Horatii
2256 2798 2429 2833 more:
2463 2799 2547 2835 res

343 2848 469 2891 nota
488 2858 555 2893 ex
581 2845 830 2895 Suetonio
852 2861 967 2910 cap.
989 2852 1039 2897 8.
1106 2847 1275 2897 Addit
1294 2850 1572 2898 Cratandri
1591 2849 1675 2898 ed.
1698 2849 1826 2898 cavit
1843 2851 1918 2897 cel
1939 2849 2169 2898 concessit
2203 2850 2285 2913 [ut
2302 2857 2356 2899 et
2383 2849 2549 2913 Ald.].

342 2900 685 2967 Augustanus
705 2911 873 2960 codex
897 2913 1044 2962 initio
1066 2915 1293 2962 damnata
1329 2928 1604 2963 concessave
1628 2928 1724 2976 pro
1746 2915 1920 2962 donata
1938 2927 1955 2959 .·
1988 2921 2044 2962 et
2076 2915 2160 2963 bic
2193 2915 2420 2964 concessit
2450 2930 2546 2977 pro

342 2972 509 3045 cepit?
522 2972 824 3026 sehero—s
844 2976 1000 3026 Simul
1019 2984 1072 3026 ut
1095 2979 1346 3041 imperium
1362 2979 1484 3028 Ald.
1518 2979 1674 3028 Simul
1697 2978 1798 3042 [ut]
1811 2979 1925 3042 imp.
1936 2979 2335 3028 Schott.Gaesb.
2355 2980 2548 3043 Deiph.

343 3029 630 3110 Pupam—9
666 3040 805 3095 Quod
827 3043 1029 3104 recepit
1053 3043 1283 3093 Gruner.
1323 3058 1352 3092 e
1382 3043 1537 3093 codd.
1564 3042 1834 3093 Guelferb.
1863 3057 1957 3105 pro
1987 3045 2200 3105 vulgato
2220 3045 2331 3106 quia
2349 3058 2369 3101 ‚·
2402 3051 2461 3092 ut
2493 3043 2545 3092 in

342 3098 461 3149 alus
486 3112 684 3165 praeter
707 3105 826 3166 Bip.
890 3108 1013 3156 Erue
1034 3109 1162 3158 enim
1195 3107 1468 3173 magnifica.»
1511 3109 1658 3157 Leid.
1683 3109 1970 3156 alten—10
2004 3108 2019 3135 ⁸
2043 3108 2301 3158 Deductos.
2334 3108 2547 3157 Eduotos

343 3161 692 3216 Veronensis:
720 3169 847 3218 illud
872 3173 1022 3220 malo.
1070 3174 1196 3222 Mox
1221 3187 1376 3221 secum
1393 3179 1642 3235 utrumque
1664 3172 1873 3221 assidere
1889 3173 2024 3220 idem
2047 3173 2341 3235 conjungit:
2378 3175 2545 3222 ceteri

343 3230 499 3305 vulgo
521 3245 697 3281 omnes
717 3248 768 3282 se
789 3238 1042 3299 utrimque.
1110 3238 1180 3287 Et
1212 3245 1328 3299 post
1352 3238 1506 3300 paulo
1527 3242 1811 3299 potestatem
1833 3237 2031 3285 Veron.
2099 3237 2179 3287 De
2204 3236 2406 3286 insidiis
2434 3237 2546 3286 Do-

344 3295 545 3369 mitiani
569 3297 782 3346 Sueton.
801 3314 919 3360 cap.
944 3305 994 3351 9.
1028 3309 1082 3351 et
1116 3302 1316 3354 Domit.
1341 3317 1458 3364 cap.
1498 3301 1594 3350 ll.’
1631 3301 1818 3351 Senon.
1886 3302 2157 3350 Potestates
2177 3300 2316 3361 facto
2357 3300 2546 3351 Alci.—

345 3359 407 3404 ll
432 3361 615 3433 ‘Ecum
634 3361 827 3412 liaberet
850 3365 1099 3414 Μαι-12
1119 3368 1223 3415 Pro
1255 3367 1487 3416 Vesuvius
1509 3367 1638 3415 Mss-
1664 3380 1749 3427 ap.
1762 3366 1964 3414 Schott.
1987 3374 2039 3414 et
2067 3367 2152 3414 alii
2182 3366 2426 3426 Venatus,
2453 3366 2545 3416 Ve-

343 3421 516 3483 tebuoe,
548 3425 799 3485 Vesubius,
829 3427 1047 3479 Venias.
1111 3432 1127 3459 ‘
1154 3432 1302 3482 Nota
1324 3432 1598 3481 diversitas
1625 3433 1852 3496 ipsorum
1876 3439 2114 3480 veterum
2149 3432 2201 3481 in
2224 3431 2375 3496 hujus
2396 3446 2539 3487 mone

1307 3539 1320 3567 ⁸
1340 3575 1558 3626 No‘rAE

342 3660 450 3712 uuo
462 3662 591 3714 vitio
607 3672 840 3733 reperto,
855 3673 909 3718 et
923 3676 1109 3721 contra
1125 3671 1404 3723 virtutibus
1485 3674 1704 3723 Sueton-
1724 3689 1783 3723 ca
1791 3689 1840 3737 p.
1864 3679 1913 3724 8.

345 3743 593 3793 summias
1549 3750 1565 3784 ¹
1594 3749 1964 3813 Mirmillonum]
2000 3750 2388 3813 Gladiatorum3
2425 3767 2548 3816 qno·

417 3815 434 3850 ¹
457 3818 619 3870 Simul
637 3819 738 3885 [ut]
770 3823 1095 3886 Ejiciendum
1115 3825 1174 3875 τὸ
1197 3832 1283 3877 ut:
1316 3841 1404 3878 ne·
1486 3839 1599 3874 rum
1613 3827 1699 3875 alii
1725 3828 1936 3888 retiarii,
1957 3828 2187 3876 'l'lireces
2208 3828 2314 3888 alii,
2337 3829 2548 3878 mirmil-

347 3903 450 3964 (με
469 3910 626 3959 supra
649 3909 868 3961 apparet
896 3900 947 3949 in
966 3902 1280 3953 Cesaribus.
1486 3900 1648 3957 lones,
1669 3909 1954 3958 secutores,
1970 3906 2069 3951 διο.
2104 3902 2441 3952 Mirmillones
2455 3903 2547 3966 qui

365 3968 369 3972 ’
412 3966 440 4003 ¹¹
471 3972 747 4022 Recordatur
766 3977 970 4040 vesperi]
1005 3979 1021 4006 ‘
1050 3979 1223 4044 Atque
1248 3979 1404 4029 etiam
1486 3991 1518 4026 e
1541 3978 1714 4027 Gallia
1736 3988 1981 4026 venerant
2003 3977 2328 4029 dicebantur.

346 4048 659 4099 recordatus
682 4065 839 4112 super
861 4067 1080 4113 emnam,
1115 4055 1250 4117 quod
1277 4056 1404 4104 nihil
1565 4061 1602 4086 ¹¹¹
1638 4054 1880 4114 Fratrem]
1900 4055 2032 4103 Vide
2055 4056 2270 4105 Sueten.
2296 4069 2413 4117 cap.
2433 4043 2484 4103 ’9.

348 4121 591 4185 cuiquam
615 4132 726 4174 tota
747 4126 831 4174 die
851 4130 1195 4191 praestitisset,
1215 4145 1404 4180 memo·
1551 4136 1576 4162 ¹¹
1610 4130 1774 4189 Huius
1810 4131 2036 4194 tempore]
2070 4128 2138 4180 A.
2176 4129 2244 4179 U.
2278 4133 2392 4180 731.
2428 4134 2546 4193 post

276 4226 279 4233 ·
312 4232 314 4235 .
346 4195 560 4249 rabilem
613 4201 753 4251 illam
810 4205 1099 4268 meritoque
1143 4206 1406 4257 laudatam
1489 4205 1549 4255 C.
1573 4206 1641 4256 N.
1663 4211 1745 4256 ⁷9.
1782 4207 1796 4233 ‘
1820 4208 2068 4259 Quaedam
2102 4209 2198 4257 sub
2233 4223 2296 4258 eo
2328 4207 2545 4258 fortuita
2577 4240 2584 4244 ‚

348 4279 529 4326 vocem
555 4275 740 4335 edidit,
765 4277 935 4330 Amici
955 4281 969 4329 l
1009 4282 1145 4332 diem
1165 4282 1406 4347 perdidi.’
1488 4298 1552 4334 ac
1576 4283 1750 4336 tristia
1771 4285 2107 4340 acciderunt:
2131 4291 2189 4336 ut
2208 4282 2556 4350 conflagratio
