3023 4942
522 392 654 469 '178
956 446 961 453 -
1070 414 1302 465 sssx‘ri
1350 411 1675 462 Anna-mi
1725 410 2082 460 moronis

531 560 746 629 tarum
784 560 1086 628 ordinem
1117 561 1187 625 in
1218 558 1453 624 tabula
1480 558 1736 642 pictum
1759 552 2033 641 'publice
2057 557 2309 640 posuit.
2385 554 2452 621 3.
2482 548 2735 623 Iterum

528 665 831 730 consule.
858 664 1140 738 Persen,
1168 661 1472 744 Philippi
1511 659 1744 735 filium,
1786 678 2011 742 regem
2049 657 2521 735 Macedonum,
2546 653 2734 741 apud

524 762 1056 832 Samothracas‘¹
1108 765 1333 846 oepit3
1385 782 1581 846 quem
1616 761 1873 831 victum
1910 760 2120 835 flevit,
2163 767 2232 825 et
2274 758 2572 825 assidere
2600 759 2734 837 sibi

509 869 760 953 jussit:
784 876 808 904 ⁸
860 875 1087 933 tamen
1140 865 1212 929 in
1264 865 1668 948 triumphum
1725 862 1941 928 duxit.
2044 864 2107 928 4.
2163 862 2244 928 In
2294 861 2423 926 hac
2485 861 2732 926 laetitia

523 971 697 1036 duos
725 970 908 1036 filios
932 965 954 1004 f
993 967 1261 1034 amisit:
1301 973 1368 1032 et
1402 985 1804 1050 progressus
1835 964 1923 1030 ad
1947 965 2299 1050 populum,
2322 963 2571 1046 gratias
2598 962 2730 1028 for-

522 1078 703 1150 tunae
735 1073 893 1157 egit,
923 1070 1127 1155 quod,
1161 1067 1220 1153 si
1253 1068 1418 1153 quid
1450 1068 1717 1145 adversi
1745 1066 2142 1151 reipublicae
2164 1067 2578 1146 imminebat,
2602 1085 2731 1130 sua

523 1181 707 1238 esset
745 1172 1133 1237 calamitate
1175 1170 1530 1234 decisum.⁸
1615 1170 1681 1233 5.
1737 1168 1845 1233 Ob
1874 1167 2027 1234 haec
2058 1171 2279 1233 omnia
2308 1168 2369 1232 ei
2399 1186 2441 1231 a
2469 1165 2726 1251 populo

522 1274 592 1341 et
622 1295 663 1340 a
690 1284 929 1339 senatu
961 1260 1360 1337 concessum
1382 1278 1511 1348 est,
1540 1277 1610 1335 ut
1637 1271 1815 1335 ludis
1848 1270 2287 1362 Circensibus
2305 1267 2330 1306 ¹²
2363 1268 2729 1352 triumpha-

518 1376 571 1440 li
616 1381 804 1441 veste
845 1380 1150 1440 uteretur.
1237 1374 1304 1439 6.
1337 1372 1465 1437 vOb
1492 1372 1693 1456 hujus
1721 1370 2099 1437 licentiami
2143 1378 2211 1437 et
2239 1378 2731 1456 paupertatem,

521 1485 684 1562 post
713 1484 995 1543 mortem
1032 1467 1183 1559 ejus
1224 1475 1353 1540 dos
1399 1462 1626 1548 uxori,
1665 1475 1797 1540 nisi
1839 1475 2126 1540 venditis
2152 1466 2727 1571 possessionibus,

521 1600 657 1645 non
686 1580 908 1664 potuit
936 1579 1220 1643 exsolvi.

1445 1674 1535 1696 OOO
1542 1673 1814 1696 WOOO

519 1789 615 1841 lam
640 1790 795 1839 Fran.
865 1791 993 1839 Mox
1025 1791 1266 1854 proposuit
1290 1790 1437 1840 malit
1453 1791 1752 1842 Senatu—8
1776 1794 1791 1820 ‘
1813 1790 1918 1840 Alii
1939 1789 2186 1854 Perseum,
2209 1789 2345 1855 quod
2370 1792 2502 1840 male
2524 1788 2727 1839 factum

517 1861 634 1916 θεῖς
670 1856 757 1904 alii
784 1856 1002 1916 Persam,
1028 1857 1166 1919 quod
1207 1855 1443 1905 defendit
1481 1856 1727 1907 Heinsius
1765 1857 1829 1907 ad
1858 1857 1994 1912 Veli.
2038 1858 2156 1906 Pnt.
2184 1871 2222 1906 1.
2245 1860 2296 1905 9.
2318 1859 2397 1917 4.;
2431 1855 2517 1904 alii
2545 1856 2728 1905 Persen

518 1920 851 1969 scribendum
873 1927 1154 1983 putarunt:
1179 1920 1296 1971 vide
1319 1936 1523 1985 quoqne
1543 1920 1796 1972 Arntzen.
1840 1923 1926 1971 De
1949 1922 2048 1970 hoc
2068 1932 2238 1970 autem
2260 1920 2396 1969 bello
2420 1927 2476 1970 et
2497 1919 2726 1981 splendi-

517 1985 586 2033 do
629 1985 797 2034 Paulli
835 1999 901 2033 ex
938 2000 1001 2033 eo
1044 1986 1324 2049 triumpho,
1362 1986 1479 2035 vide
1518 1988 1632 2036 Liv.
1657 1987 1783 2035 libb.
1809 1999 1962 2036 xmv.
1987 1998 2112 2035 va.
2160 1987 2296 2035 Veli.
2322 1986 2493 2035 Pani.
2518 2001 2566 2034 c.
2588 1984 2726 2032 Flor.

518 2062 584 2098 11.
609 2053 692 2098 12.
711 2048 830 2098 &el
850 2048 1002 2099 Harl.
1069 2050 1267 2101 Persem
1308 2050 1428 2100 Ald.
1466 2052 1632 2113 ‘Apud
1652 2051 2005 2100 Samothracas.
2074 2050 2345 2100 Parisinus
2383 2065 2482 2099 non
2508 2064 2726 2098 numero

516 2114 864 2163 multitudinis
888 2115 1020 2177 legit
1055 2113 1428 2165 Samothracam.
1485 2117 1615 2165 Μαι.
1652 2116 1841 2180 partim
1866 2116 2200 2165 Samothracas
2223 2117 2352 2165 Deos
2371 2115 2511 2177 cepit,
2536 2115 2725 2178 partim

517 2178 854 2228 Sanwthraca‘e
882 2180 1066 2243 decepit
1105 2179 1432 2241 praeferunt.'
1467 2180 1657 2230 Schott.
1722 2183 1851 2229 Tum
1886 2181 2160 2229 relativum
2183 2196 2317 2244 quem
2342 2181 2491 2229 abest
2514 2180 2566 2227 iu
2592 2181 2725 2229 Mss-

517 2259 603 2305 ap.
624 2243 825 2292 Schott.
850 2251 905 2293 et
930 2244 980 2291 in
1014 2244 1222 2293 Schott.
1243 2245 1310 2295 G.
1332 2245 1399 2293 1).
1422 2244 1486 2293 P.
1548 2261 1683 2306 quem
1709 2246 1919 2295 vinclum
1947 2246 2123 2295 Maeli.
2142 2253 2195 2294 et
2215 2245 2430 2294 Aut—4
2465 2245 2570 2295 Me.
2595 2259 2726 2293 nnus

515 2308 703 2357 eximie
723 2309 746 2371 (
758 2309 936 2370 judice
958 2308 1185 2371 Schott.)
1214 2325 1303 2358 ena
1323 2309 1593 2359 calamitate
1613 2315 1718 2359 erat
1738 2311 2096 2373 depulsum—5
2135 2311 2312 2359 Omnia
2331 2314 2380 2359 et
2399 2325 2430 2360 a
2457 2324 2564 2372 pop.
2598 2308 2724 2358 And.

514 2373 673 2421 omnia
694 2388 725 2421 a
747 2375 931 2436 populo,
953 2375 1144 2423 omisso
1169 2375 1239 2434 τῷ·
1255 2375 1317 2435 ei,
1337 2375 1434 2423 Ed.
1457 2378 1633 2431 inu-e
1652 2375 1729 2424 Ob
1746 2375 1884 2436 haiae
1903 2375 2244 2424 continentiam
2263 2374 2463 2423 Schott.
2480 2374 2549 2423 G.
2570 2373 2640 2423 D.
2661 2375 2724 2423 P.

514 2438 646 2487 Cum
671 2439 828 2490 lectio
850 2440 1092 2489 licentiam
1109 2440 1394 2491 Coliuaeum
1419 2436 1740 2498 offendisset,
1760 2441 1812 2490 iu
1833 2440 2170 2491 abstinentiam
2191 2439 2428 2490 mutavit.
2468 2439 2726 2502 Continen-

514 2504 635 2552 tiam
658 2504 702 2553 si
725 2506 987 2555 volueriut
1012 2506 1141 2555 Μεε.
1164 2503 1416 2569 praeferet
1435 2504 1624 2555 Arutz.

1508 2665 1742 2721 NOTAE.

575 2770 598 2795 ⁶
621 2760 806 2811 Iterum
827 2733 1014 2825 consul]
1040 2761 1106 2810 A.
1128 2761 1197 2810 U.
1215 2763 1276 2812 C.
1296 2767 1413 2812 585.
1452 2726 1575 2818 cd·
1725 2769 1753 2805 t
1782 2723 2058 2825 Deci-tum]
2091 2761 2109 2789 ‘
2149 2761 2440 2812 Decidere’
2480 2767 2563 2812 est
2611 2776 2723 2813 ver·

511 2837 632 2910 lega
657 2837 719 2886 C.
744 2837 972 2908 Licinius
996 2836 1229 2887 Crassus.
1297 2839 1433 2888 Vide
1458 2840 1576 2888 Flo·
1661 2837 2077 2901 bumjurisqaod
2094 2837 2384 2903 siguificat‘
2401 2836 2727 2902 transigere!

515 2927 624 2961 rum
649 2913 742 2962 lib.
767 2925 831 2962 n.
855 2926 974 2975 cap.
999 2915 1080 2960 12.
1102 2921 1157 2961 et
1173 2911 1287 2962 Liv.
1312 2913 1403 2961 lib.
1427 2927 1515 2963 χι..
1660 2914 1677 2939 ‘
1702 2913 1982 2966 dirimere!

500 3023 514 3046 2
577 2989 601 3023 d
634 2989 990 3052 Samothracae]
1029 2989 1385 3039 Samothracia
1409 2992 1579 3040 insula
1723 2989 1748 3024 ¹¹
1802 2991 1957 3043 Ludis
2014 2993 2343 3057 Circensibus]
2401 2993 2481 3042 De
2538 2993 2722 3056 quibus

506 3055 566 3136 in
606 3079 803 3116 summo
837 3064 967 3113 mari
1005 3064 1167 3128 AEgeo
1210 3065 1446 3116 Thraciae
1484 3080 1576 3130 op·
1662 3067 1803 3117 alibi.
2696 3102 2704 3112 ·

488 3140 704 3205 posita.
876 3202 883 3208 Ι
1724 3144 1737 3178 ¹
1774 3145 1850 3194 ob
1879 3144 2021 3206 Ιιαὸιω
2041 3142 2329 3210 [licentiam]
2351 3144 2720 3209 continentiam]

577 3225 601 3250 θ
621 3217 850 3267 Accidere
871 3215 1150 3279 sibijmit]
1184 3218 1395 3268 Florus:
1431 3217 1447 3245 ‘
1468 3218 1577 3268 Sed
1660 3221 1749 3274 Sic
1769 3221 1967 3285 optime
1989 3237 2020 3272 e
2039 3222 2168 3271 Mss.
2199 3221 2433 3285 reposuit
2456 3220 2722 3271 Schottus.

510 3307 612 3343 nee
666 3291 988 3342 reverentior
1050 3300 1223 3356 captae
1291 3295 1578 3357 majestatis
1659 3295 1995 3348 Male'antea
2031 3291 2306 3362 legebatur
2333 3297 2391 3344 ob
2411 3296 2554 3357 haiae
2574 3298 2719 3346 licen-

513 3370 644 3418 alius
670 3368 858 3417 Paullo
891 3366 1010 3417 fuit.
1076 3368 1204 3417 Cum
1241 3369 1293 3417 in
1327 3385 1577 3434 conspec·
1658 3375 1797 3435 tiam,
1814 3389 1929 3439 quae
1954 3373 2111 3424 lectio
2132 3374 2285 3438 plane
2308 3375 2504 3438 inepta.
2548 3380 2563 3402 ⁴
2586 3374 2721 3424 Con·

511 3452 622 3495 tum
641 3443 868 3493 venisset
880 3443 1061 3506 hostis,
1082 3444 1134 3493 in
1154 3446 1332 3495 sellam
1352 3449 1574 3511 recepit,
1657 3449 1876 3499 tinentia
1890 3449 1904 3471 '
1925 3457 1979 3499 et
2001 3456 2017 3479 ‘
2032 3448 2383 3511 abstinentia,’
2401 3449 2560 3506 idem,
2580 3465 2723 3500 uem·

509 3528 565 3571 et
588 3520 838 3572 conviviis
871 3520 1126 3582 adhibuit,
1159 3521 1458 3587 liberosque
1483 3525 1573 3572 ad·
1656 3539 1722 3587 pe
1742 3526 1819 3575 vis
1836 3526 2104 3575 avaritiam
2121 3532 2177 3575 et
2192 3525 2456 3576 iibidinem
2475 3524 2721 3577 coercen-

507 3597 707 3645 monuit
721 3610 856 3651 suos,
874 3602 933 3646 ut
953 3593 1237 3661 fortunam,
1259 3600 1345 3648 cui
1366 3589 1572 3648 tantum
1655 3601 1725 3649 di.
1806 3602 1918 3652 Cic.
1953 3602 2122 3667 Epist.
2161 3602 2227 3652 ad
2273 3603 2340 3654 Q.
2376 3603 2521 3654 Frat.
2556 3604 2648 3655 lib.
2681 3619 2721 3656 1.

470 3675 473 3680 '
511 3673 715 3735 liceret,
745 3674 1086 3748 reverentur)
1647 3678 1671 3730 ,‘
1698 3677 1837 3729 Quid
1862 3687 1943 3729 est
1966 3679 2163 3742 negotii
2185 3681 2456 3740 continere
2482 3696 2572 3731 eos
2609 3684 2720 3746 quj-

516 3798 525 3804 ,
577 3748 596 3783 ¹
613 3749 914 3815 Duosfilios]
938 3751 1171 3803 Quorum
1188 3751 1324 3822 alter
1341 3752 1573 3818 quinque
1653 3754 1750 3804 bus
1785 3756 1982 3821 mmsis,
2023 3756 2068 3807 si
2100 3764 2155 3807 te
2190 3756 2358 3822 ipsum
2394 3756 2721 3809 contineas?

510 3825 694 3876 diebu·
742 3834 865 3875 ante
905 3827 1240 3891 triumphum,
1286 3825 1421 3879 alter
1458 3836 1578 3894 post
1659 3830 1845 3884 Seme.

506 3905 826 3968 triumphum
853 3903 1021 3954 tribus
1038 3913 1275 3962 mortuus
1298 3911 1399 3954 est.
