3023 4942
834 428 933 475 nn
981 426 1423 477 cAEsAmsus
1469 428 1635 477 cnr.
1682 427 1936 478 xxxin
2350 412 2490 491 323

294 568 649 648 destinant,
689 571 786 637 nti
823 578 1064 656 suopte
1108 573 1425 639 arbitratu
1455 573 1702 639 Patres
1725 582 1756 620 ⁷
1783 573 2282 657 ‘Imperatorem
2319 574 2486 639 deli-

294 679 528 754 gerent.
614 674 721 737 10.
769 674 1032 753 Quibus
1090 675 1219 739 hoc
1275 676 1577 758 ipsorum
1631 676 2065 760 potissimum
2124 677 2485 742 convenire

293 793 532 841 munus
581 778 1155 860 respondentibus,
1190 798 1451 843 rursum
1495 780 1795 861 legiones
1844 779 1928 843 ad
1978 799 2100 843 eos
2153 780 2485 864 rejiciunt.

293 876 394 940 ll.
439 878 551 943 Ita
578 881 916 964 utrimque
946 881 1209 964 pudore
1236 901 1320 946 ac
1351 881 1690 947 modestia
1719 882 2208 960 decertabatur,
2235 902 2388 948 rara
2414 883 2487 951 in

291 977 665 1045 hominibus
713 983 977 1061 virtute,
1016 981 1218 1047 r'ebus
1263 985 1639 1065 praesertim
1679 972 2097 1068 hujusmodi,
2134 1005 2220 1051 ac
2271 1004 2490 1070 prope

218 1070 223 1077 ’
293 1083 520 1162 ignota
576 1081 921 1147 militibus.
1027 1085 1137 1149 12.
1180 1083 1470 1147 Tantum
1524 1084 1643 1148 ille
1706 1086 1807 1148 vir
1858 1084 2215 1150 severitate
2276 1090 2487 1169 atque

293 1183 688 1268 incorruptis
727 1184 986 1249 artibus
1019 1184 1260 1268 potuit,
1279 1191 1353 1248 ut
1375 1184 1524 1269 ejus
1554 1187 1742 1250 necis
1771 1188 2202 1252 auctoribus⁸
2246 1189 2488 1266 exitio,

293 1287 520 1367 pravis
566 1288 802 1364 metui,
851 1288 1166 1353 simulata
1219 1287 1499 1365 dubiis?
1539 1273 2087 1372 optimo'cuique
2133 1289 2492 1368 desiderio,

291 1389 530 1452 nemini
559 1388 939 1454 insolentiae
973 1399 1093 1454 aut
1122 1391 1553 1475 ostentationi
1587 1399 1798 1455 essen
1840 1390 2071 1474 Atque
2101 1393 2309 1456 etiam
2333 1393 2491 1470 soli,

294 1492 485 1573 quasi
515 1491 862 1571 Romulo,¹’
888 1494 1244 1576 interregni
1274 1495 1537 1575 species
1569 1492 1859 1571 obvenit,
1889 1493 2093 1576 longe
2134 1514 2299 1559 vero
2343 1493 2490 1577 glo-

1201 1638 1574 1660 “N“‘OONO

295 1724 389 1777 -,—9
421 1720 485 1771 In
504 1719 608 1770 fine
630 1721 886 1784 diligerent
909 1723 1053 1772 malit
1077 1723 1416 1773 δώσω-10
1449 1724 1466 1752 ‘
1490 1725 1706 1788 Ipsorum
1723 1723 2018 1787 potissimum
2040 1722 2289 1773 conuenire
2308 1737 2496 1772 munus.

296 1785 416 1851 Olet
442 1788 664 1848 glossam
681 1786 740 1834 τὸ
757 1790 1021 1837 convenire.
1057 1789 1247 1838 Delere
1268 1797 1440 1838 tamen
1467 1798 1558 1838 aut
1582 1791 1862 1838 obliterare
1886 1803 1989 1837 non
2006 1791 2169 1838 ausim
2193 1789 2303 1837 sine
2325 1789 2490 1837 libris.

296 1849 441 1909 Post,
463 1853 735 1900 ‘electionem
753 1853 833 1899 vel
859 1853 1144 1914 legendijus
1166 1854 1328 1903 credo
1353 1855 1644 1917 scripsisse,
1664 1869 1763 1903 non
1786 1853 1993 1914 legiones
2005 1869 2026 1912 ,·
2058 1861 2115 1903 et
2143 1855 2317 1902 statim
2336 1858 2493 1903 certa-

297 1914 467 1963 batur-⁹
499 1917 703 1965 Schott.
766 1917 784 1942 ‘
802 1916 1051 1966 Arntzen.
1080 1921 1276 1968 retinet
1300 1920 1513 1968 verbnm
1538 1920 1808 1976 convenire,
1829 1926 1883 1967 at
1904 1920 2053 1967 malit
2084 1919 2257 1981 legere
2279 1919 2495 1981 ipsorum

224 2020 229 2024 .
298 1980 379 2027 uni
392 1995 414 2037 ‚⁶
446 1983 586 2042 qnod
613 1980 888 2043 petiissent
909 1983 1155 2046 legiones,
1174 1990 1234 2032 nt
1253 1984 1461 2032 senatus
1493 1987 1509 2013 ⁸
1527 1999 1592 2032 ex
1617 1998 1710 2033 suo
1734 1985 1913 2032 ordine
1938 1983 2225 2047 principem
2261 1980 2496 2046 legeret'

299 2043 433 2106 apud
450 2046 734 2109 Vopiscum
754 2046 804 2093 in
830 2047 1015 2096 Tacito
1034 2063 1080 2096 c.
1098 2052 1148 2096 2.
1184 2049 1412 2100 Gruuer.
1435 2064 1553 2098 cum
1579 2048 1716 2112 apud
1738 2051 1991 2099 Nostrum
2011 2047 2075 2095 de
2094 2048 2352 2097 electione
2376 2056 2493 2096 tsn-

302 2115 407 2157 tum
432 2109 794 2174 Imperatoris,
811 2125 915 2160 non
939 2112 1005 2160 de
1028 2112 1209 2175 ordine
1233 2129 1300 2162 ex
1323 2129 1425 2179 quo
1443 2115 1567 2179 eligi
1593 2113 1806 2177 debeat,
1829 2128 1998 2162 sermo
2022 2113 2113 2175 sit,
2134 2114 2207 2162 ita
2228 2111 2499 2175 legendum

299 2185 503 2224 censet:
542 2177 628 2224 hoc
652 2175 864 2240 (nempe
887 2178 1256 2239 imperatorem
1275 2178 1536 2242 deligere)
1567 2178 1778 2242 ipsorum
1797 2178 2095 2240 potissimum
2123 2177 2374 2228 convenire
2394 2191 2498 2225 mu-

303 2238 431 2295 niis‚·
461 2241 512 2288 h.
537 2255 587 2288 e.
623 2239 906 2290 ‘officiis-’⁹
941 2242 1221 2292 Ham—12
1257 2243 1342 2292 Ad
1386 2244 1545 2292 verba
1581 2249 1637 2292 ut
1673 2243 1776 2303 eins
1808 2245 1952 2300 necis,
1995 2243 2110 2290 vide
2149 2243 2273 2292 Not.
2309 2241 2504 2302 Delpb.

299 2302 536 2353 Simulata
569 2305 743 2353 dubiis.
805 2306 1074 2354 Fuitt‘cum
1118 2306 1402 2357 divinarem
1449 2309 1728 2369 legendnm
1773 2308 1916 2356 simul
1944 2312 1992 2355 et
2030 2305 2188 2355 dubiis
2209 2323 2225 2355 .·
2262 2306 2499 2354 videbam

298 2369 430 2415 enim
475 2370 630 2418 facile
674 2370 866 2433 aliquid
902 2379 1229 2434 corruptum,
1267 2372 1707 2435 referendnmque
1744 2373 1810 2420 nd
1846 2370 2261 2427 ‘Aurelianum,’
2300 2384 2399 2418 non
2433 2369 2501 2418 ad

297 2438 311 2458 ‘
331 2433 505 2484 necis.'
577 2434 762 2484 Latine
786 2435 921 2485 enim
946 2435 1141 2485 dixisse
1165 2439 1421 2501 oportuit,
1455 2445 1510 2489 ut
1534 2439 1660 2487 necis
1686 2452 1788 2485 σω
1817 2436 2107 2491 auctoribus,
2138 2437 2235 2486 nisi
2269 2435 2494 2485 soloecis·

297 2511 429 2546 mum
451 2498 629 2548 facere
653 2501 907 2549 voluerit:
943 2509 1062 2563 post
1085 2510 1258 2551 tamen
1281 2504 1459 2563 subiit,
1480 2504 1749 2553 Victorem
1771 2501 1909 2552 forte
1929 2501 2215 2551 declinasse
2247 2516 2382 2550 neces
2403 2516 2497 2549 no-

297 2564 522 2613 minandi
549 2575 687 2619 casu,
715 2579 809 2627 pro
832 2581 947 2624 nex,
979 2565 1232 2629 ἀρχαϊκῶς.
1296 2570 1447 2620 Quod
1485 2570 1528 2617 si
1562 2582 1740 2617 verum
1779 2582 1893 2616 esse
1928 2566 2236 2630 persuadeo,
2269 2566 2496 2614 simulata

296 2637 435 2679 recte
457 2628 642 2690 habet,
671 2630 1053 2695 significetque,
1078 2647 1312 2695 sparsum
1335 2634 1479 2700 quasi
1503 2632 1571 2681 de
1594 2642 1759 2683 morte
1788 2633 1924 2683 illius
1948 2647 2226 2692 rumorem,
2258 2641 2314 2681 ut
2333 2631 2494 2687 dubii,

1299 2731 1523 2809 Nove*

359 2863 382 2897 ἵ
421 2855 512 2906 Uti
547 2861 711 2920 suopte
751 2856 991 2906 arbitratu
1031 2855 1227 2919 Patres]
1259 2856 1363 2905 Vo·
1438 2856 1647 2918 vitium,
1688 2857 1884 2906 nullum
1932 2853 2194 2906 defectum
2238 2868 2463 2919 agnosco
2488 2870 2505 2903 ε

300 2934 426 2996 pise.
457 2939 473 2965 ‘
495 2934 583 2983 De
603 2934 933 2997 lmperetore
956 2934 1236 2999 deligendo
1272 2950 1362 2985 ex·
1440 2939 1494 2983 ut
1516 2933 1617 2994 ejus
1631 2934 1760 2983 necis
1785 2933 2053 2983 auctoribus
2072 2932 2242 2982 exitio.
2306 2931 2509 2981 Notan-

299 3013 491 3061 ercitus
538 3013 718 3061 retulit
764 3011 829 3061 sd
875 3020 1129 3072 senatum,
1168 3011 1365 3061 idcirco
1443 3014 1568 3060 dum
1597 3019 1800 3060 tantum
1830 3011 1960 3059 necis
1984 3010 2070 3059 hic
2113 3011 2165 3058 in
2206 3007 2508 3058 nominandi

300 3088 431 3150 qnod
458 3088 656 3136 nullum
688 3087 753 3135 de
787 3089 866 3137 liis
887 3087 1180 3137 faciendum
1211 3095 1363 3152 puta·
1446 3098 1591 3149 casu,
1615 3098 1711 3148 pro
1746 3101 1860 3144 nex,
1892 3092 1954 3135 nt
1993 3093 2198 3135 veteres
2228 3085 2510 3149 loqueban-

300 3161 391 3213 bat
411 3164 500 3229 qni
543 3172 648 3212 tam
685 3164 872 3214 bouum
908 3166 1198 3229 principem
1229 3165 1365 3214 occi-

301 3239 500 3290 derant.
568 3241 765 3289 Verum
812 3250 1022 3290 senatus
1062 3242 1196 3289 hanc
1239 3255 1366 3290 ean-

301 3312 417 3364 dem
440 3316 786 3365 delectionem
821 3318 874 3365 in
913 3317 1200 3366 exereitum
1227 3315 1365 3366 refu-

302 3391 398 3453 dit,
432 3393 602 3442 sciens
639 3407 742 3441 non
787 3393 1011 3443 libenter
1035 3395 1145 3457 jam
1172 3393 1365 3443 milites

303 3468 540 3531 accipere
565 3467 920 3532 Imperatores
955 3484 1043 3518 eos
1064 3484 1193 3533 quos
1219 3481 1366 3517 sena·

305 3551 387 3591 tus
409 3544 651 3607 elegerit.
717 3544 965 3609 Denique
992 3543 1044 3593 id
1070 3545 1227 3594 tertio
1257 3542 1367 3594 fac-

305 3627 413 3668 tum
441 3628 542 3676 est,
580 3621 656 3668 ita
698 3627 757 3670 ut
779 3634 876 3684 per
914 3635 1007 3669 sex
1038 3636 1241 3670 menses
1261 3620 1368 3670 Im·

305 3704 597 3756 peratorem
616 3698 871 3748 Romanus
895 3697 1035 3748 orbis
1050 3712 1155 3748 non
1171 3697 1369 3749 habue-

309 3770 412 3819 rit-⁸

366 3856 388 3881 ⁸
424 3849 493 3898 Ut
513 3848 614 3909 effus
644 3849 776 3898 necis
803 3848 1101 3912 auctoribus]
1133 3849 1240 3901 Hie
1260 3849 1368 3898 hia-

308 3932 414 3973 tum
458 3926 652 3976 codicis
694 3934 972 3976 notaverat
1013 3928 1371 3990 Casnubonus,

307 4002 394 4050 ubi
418 4004 686 4067 scriptum,
706 4008 762 4053 ut
796 4002 898 4064 eius
915 4034 1089 4055 ......
1107 4005 1237 4055 necis
1261 4020 1373 4056 auc-

308 4079 515 4132 toribus.
569 4079 744 4145 Atque
768 4080 868 4145 ipsi
905 4080 1187 4131 desiderari
1223 4083 1368 4144 vide·

308 4154 463 4206 batur
486 4157 788 4207 vocabulum
809 4172 940 4207 mors
959 4166 1050 4208 aut
1076 4159 1244 4209 simile
1273 4159 1367 4209 ali-

309 4231 376 4277 ud
399 4247 415 4279 ε
470 4229 486 4258 ‘
510 4232 623 4282 sine
657 4230 797 4295 qno,’
829 4232 1025 4294 aiebat,
1075 4239 1091 4262 ‘
1111 4236 1216 4285 ruit
1252 4241 1369 4284 tota

309 4306 586 4369 periodus?
666 4309 862 4359 Verum
899 4310 1094 4361 nullum
1143 4326 1240 4375 ego
1285 4311 1371 4361 hic

1447 3170 1550 3210 tur.
1617 3163 1703 3211 De
1739 3160 2011 3211 Aureliani
2048 3169 2224 3210 sutem
2256 3174 2389 3210 nece
2426 3160 2510 3209 hic

1445 3237 1678 3301 loquitur
1718 3238 1937 3298 Victor3
1971 3237 2110 3300 quod
2153 3235 2272 3285 ideo
2306 3248 2510 3291 moneo.
2563 3257 2566 3262 ·

1446 3304 1571 3376 qnia
1600 3313 1931 3362 doctissimus
1970 3313 2252 3362 Salmasius
2288 3312 2354 3361 de
2376 3325 2511 3361 nece

1447 3390 1655 3441 Romuli
1674 3390 1771 3439 hoc
1786 3390 1990 3453 putavit
2010 3388 2423 3452 intelligendum.

1511 3476 1538 3503 ⁸
1567 3468 1806 3519 Simulata
1838 3468 2020 3532 dubiis]
2056 3469 2175 3518 Hoc
2210 3475 2307 3527 est,
2342 3466 2513 3530 sparsi

1447 3558 1683 3595 rumores
1728 3546 1880 3609 quasi
1931 3545 1997 3595 de
2041 3552 2211 3594 morte
2254 3543 2410 3610 illius,
2451 3550 2513 3590 ut

1447 3621 1658 3684 ‘dubii‚’
1693 3621 1934 3685 deposita
1971 3637 2195 3687 persone
2223 3635 2331 3687 qua
2367 3629 2514 3684 tege-

1449 3698 1659 3768 bqntun
1680 3700 1925 3760 cognosci
1947 3706 2174 3761 possent.
2439 3710 2444 3715 ·

1465 3811 1469 3816 .
1516 3775 1540 3809 b
1576 3775 1710 3831 Soli*
1745 3774 1881 3837 quasi
1925 3773 2153 3837 Romulo]
2199 3772 2418 3837 Vopisc-
2460 3772 2515 3821 in

1450 3851 1623 3901 Tacit.
1648 3851 1833 3900 initio:
1868 3856 1884 3879 ‘
1903 3851 2056 3903 Quod
2093 3857 2215 3915 post
2246 3862 2515 3899 excessum

1452 3928 1661 3977 Romuli
1700 3928 1907 3977 novello
1943 3926 2109 3976 adhuc
2143 3926 2393 3974 Romsnae
2415 3925 2517 3973 Ur-

1451 4006 1534 4056 bis
1558 4005 1779 4068 imperio
1799 4001 2016 4061 fectum,
2039 4002 2331 4066 pontifices,
2352 4013 2518 4064 penes

1453 4097 1582 4146 quos
1638 4079 1933 4132 scribendoe
1985 4079 2220 4130 historiae
2281 4084 2517 4141 potestas

1456 4157 1580 4221 fnit,
1615 4159 1667 4207 in
1703 4158 1883 4208 literas
1907 4157 2220 4218 retulerunt,
2254 4160 2313 4202 nt
2353 4154 2518 4202 inter-

1459 4248 1695 4297 regnum,
1729 4232 1851 4281 dum
1875 4238 1994 4295 post
2016 4231 2204 4280 bonnm
2228 4228 2518 4292 principem

1457 4310 1619 4361 bonus
1658 4309 1786 4359 alius
1824 4307 2095 4375 quaeritur,
2137 4299 2373 4361 iniretur,
2416 4304 2516 4354 boc
