3023 4942
732 401 830 449 mr
879 397 1083 450 vinis
1129 401 1640 452 innueramus
1686 404 1851 453 cAP.
1882 405 2108 456 xmx.
2392 395 2526 459 169

324 541 573 610 Actaeo
603 551 631 581 ⁸
686 545 959 610 tribuno
1004 544 1223 630 plebis
1270 548 1775 631 repetundarum
1818 549 2240 630 accusatu3‚'’
2281 551 2524 620 librum

324 648 709 712 rationum⁰
754 648 823 711 in
870 657 1246 732 conspectu
1294 651 1533 733 populi
1583 651 1822 716 scidit:
1868 652 2030 717 Hac
2080 653 2212 725 die,
2254 653 2523 738 inquit,‘¹

327 750 796 832 Carthaginem
842 751 1019 815 vicit
1065 750 1285 830 Quasi
1320 754 1593 818 bonum
1627 754 1932 831 factum,e
1989 757 2054 820 in
2100 756 2520 840 Capitolium

326 871 584 929 eamne,
611 860 678 917 et
709 853 865 917 Diis
895 855 1378 937 supplicemus,
1468 857 1574 921 17.
1624 856 1791 921 Inde
1821 858 2354 924 involuntarium
2377 862 2521 924 exi-

323 949 530 1017 liumf
574 956 927 1033 concessit,
974 957 1093 1019 ubi
1124 956 1441 1039 reliquam
1474 957 1608 1040 egit
1637 965 1920 1024 aetatem.
2013 960 2117 1025 18.
2164 947 2469 1027 Moriens
2493 969 2520 1007 ⁸

324 1055 411 1119 ab
434 1075 651 1120 uxore
679 1057 890 1139 petiit,
920 1077 1003 1121 ne
1032 1077 1283 1140 corpus
1314 1078 1506 1123 suum
1541 1059 1834 1125 Romam
1864 1060 2263 1128 referretur!²

1245 1223 1334 1244 000
1339 1223 1424 1244 ‘ee
1429 1224 1543 1246 OO‘O
1547 1225 1608 1244 ‘O

322 1320 428 1369 titio
448 1321 598 1370 Acteo
620 1319 738 1371 Ald.
785 1319 1000 1371 Habent
1024 1322 1225 1373 Schott.
1248 1324 1314 1373 G.
1333 1326 1405 1373 D.
1424 1325 1487 1375 P.
1503 1324 1549 1373 A
1576 1325 1789 1374 Petilliis
1809 1341 1865 1376 uc
1890 1325 2079 1375 Noevio.
2133 1325 2273 1376 Vide
2291 1315 2527 1390 conject-¹

323 1386 515 1447 Delph.
554 1386 721 1435 Paris.
738 1402 767 1435 a
794 1387 969 1436 Petilio
986 1389 1165 1438 Alteio.
1201 1389 1482 1438 Vascossn.
1506 1406 1537 1438 a
1558 1391 1741 1439 Petilio
1765 1392 1873 1441 Teo.
1901 1398 1915 1421 ⁸
1934 1392 2125 1441 Latere
2145 1394 2383 1441 mendum
2408 1406 2524 1440 cer-

321 1460 434 1500 tum
469 1456 567 1507 est,
590 1452 727 1515 quod
751 1452 831 1499 vel
854 1467 919 1501 ex
960 1455 1215 1503 varietate
1248 1455 1525 1516 scripturae
1565 1463 1731 1514 patet.
1794 1454 1964 1515 Accio,
1982 1454 2145 1512 Actio,
2167 1457 2329 1517 Ateio,
2361 1458 2523 1512 Aetio,

319 1515 477 1565 Actio
500 1516 682 1579 legunt
702 1515 834 1566 Mss.
883 1516 1043 1576 Attejo
1064 1517 1185 1567 edd.
1209 1519 1431 1582 Agripp.
1454 1528 1509 1568 et
1536 1520 1670 1568 Ven.
1717 1519 1880 1568 Actoeo
1901 1520 2027 1569 And.
2046 1530 2099 1569 et
2129 1521 2332 1585 reliqui.
2401 1523 2524 1571 For·

322 1586 464 1630 tasse
487 1580 618 1630 latet
633 1595 918 1643 cognomen
939 1582 1117 1632 Petilii
1134 1585 1357 1647 aliquod,
1373 1586 1459 1633 sed
1486 1588 1534 1633 in
1555 1585 1693 1634 hisce
1705 1585 1899 1646 aliquid
1916 1586 2026 1635 sine
2046 1601 2147 1648 ope
2164 1587 2386 1636 melioris
2404 1586 2530 1638 cod.

325 1654 550 1709 tentare,
564 1655 703 1695 esset
721 1647 880 1694 bonas
905 1649 1056 1697 horas
1074 1649 1313 1711 perdere.
1341 1650 1551 1698 Tribuno
1576 1651 1730 1699 etiarn
1746 1651 1874 1699 Mss.
1898 1650 2111 1700 omues.'
2131 1655 2304 1702 Arutz.
2337 1659 2351 1682 ⁸
2376 1651 2532 1708 Quasi

321 1710 491 1759 bonum
507 1711 715 1769 sactum.
767 1710 832 1760 In
860 1712 987 1761 Mss.
1031 1714 1338 1775 compendio
1384 1717 1634 1778 scriptum
1680 1724 1792 1763 erat
1826 1731 1984 1781 quam,
2015 1716 2155 1780 quod
2199 1715 2339 1767 forte
2382 1717 2526 1766 valet

323 1779 341 1803 ⁸
362 1777 602 1841 quonism
618 1775 654 1827 ε’
687 1776 822 1827 alter
844 1776 1009 1827 codex
1027 1780 1201 1842 qnare)
1222 1780 1424 1830 Schott.
1494 1780 1649 1838 Quasi
1664 1779 1766 1830 del.
1792 1781 1995 1831 Scbott.
2018 1781 2084 1831 G.
2105 1783 2178 1832 D.
2200 1782 2267 1832 Ρ.

1253 1915 1254 1918 ’
1334 1928 1553 1979 Nove

322 2029 381 2064 se
406 2015 589 2065 voluit.
655 2016 839 2066 Florus
863 2016 958 2066 lib.
980 2030 1043 2066 11.
1065 2032 1112 2067 c.
1134 2021 1184 2067 8.
1218 2015 1382 2066 ‘Tum
1465 2031 1581 2066 vem
1605 2018 1735 2080 Opt.
1766 2018 1911 2068 Max.
1943 2019 2307 2084 Jnnouemqne
2339 2027 2393 2069 et
2425 2021 2527 2070 Mi·

315 2092 532 2143 ,consule
556 2093 823 2156 Scipione,
847 2093 930 2144 cui
954 2091 1135 2151 frater,
1165 2094 1255 2143 ille
1279 2109 1383 2142 mo·
1465 2107 1698 2155 nervam,
1717 2101 2022 2157 ceterosque
2048 2094 2191 2143 Deos
2209 2096 2294 2159 qui
2314 2096 2527 2158 Capito·

321 2169 388 2218 do
421 2168 589 2218 victor
612 2171 938 2232 Carthaginis
966 2168 1261 2233 Africanus,
1297 2185 1382 2219 vo-

321 2239 551 2295 luntaria
569 2245 831 2309 legatione
856 2246 1075 2296 aderat.'

387 2330 409 2355 ²
443 2317 648 2385 Captum
666 2323 855 2389 filiam]
887 2325 958 2372 Et
991 2324 1088 2373 hoc
1124 2331 1308 2386 postea
1334 2324 1385 2374 ei

323 2400 468 2465 quasi
490 2401 685 2449 crimen
715 2400 907 2452 inimici
930 2399 1190 2463 objecere.

386 2484 412 2511 ¹²
445 2476 491 2526 Δ
537 2477 737 2526 Petillio
771 2476 935 2525 Actoeo
965 2476 1035 2541 [A
1077 2467 1302 2526 Petilliis
1327 2493 1384 2527 ac

326 2553 526 2617 Navio]
560 2552 627 2603 A.
650 2555 719 2603 U.
741 2559 856 2603 566.
882 2554 996 2603 Liv.
1016 2554 1106 2603 lib.
1128 2567 1385 2604 xxxvm.

321 2646 372 2681 c.
398 2636 480 2680 50.
497 2638 512 2660 ⁶
531 2632 597 2681 Ρ.
612 2632 843 2696 Scipioni
861 2630 1129 2688 Africano,
1150 2640 1206 2680 ut
1233 2632 1384 2680 Vale-

323 2708 428 2757 rius
450 2707 639 2758 Antias
661 2718 846 2758 auctor
872 2716 974 2768 est,
1008 2707 1112 2757 duo
1134 2708 1199 2759 Q.
1225 2708 1385 2758 Petil-

323 2784 379 2832 lii
414 2783 549 2831 diem
592 2782 878 2832 dixerunt-⁹
944 2785 1015 2832 Et
1047 2783 1235 2832 deiude
1268 2798 1385 2847 cap.

321 2864 404 2910 56.
454 2861 610 2909 ‘Non
666 2860 733 2909 de
771 2868 1077 2910 accusatore
1121 2860 1385 2910 convenit.

323 2937 429 2986 Alii
456 2937 718 3000 Naevium,
742 2938 827 2986 alii
846 2938 1084 2987 Petillios
1108 2936 1244 2986 diem
1270 2936 1384 2986 dix·

320 3014 420 3063 isse
452 3012 724 3063 scribunt.¹
791 3014 964 3066 Quare
997 3012 1137 3062 forte
1161 3015 1384 3077 scripse·

322 3095 403 3145 rat
425 3090 608 3139 Victor
628 3089 707 3139 ‘A
733 3090 943 3138 Petiliis
968 3104 1029 3138 an
1057 3089 1277 3138 Naevio.’

384 3166 409 3201 ¹³
454 3167 845 3229 Repetundarum
883 3165 1154 3229 accuratus]
1212 3167 1385 3228 Repe·

324 3243 603 3293 tundarum
619 3243 847 3292 accusari
868 3242 1141 3292 dicebatur
1156 3243 1217 3299 is,
1238 3257 1269 3291 a
1283 3257 1384 3307 quo

324 3321 450 3368 socii
478 3321 720 3382 pecunias
746 3319 844 3368 sibi
868 3327 1046 3369 contra
1068 3320 1212 3383 leges
1237 3333 1384 3382 erep-

325 3403 404 3446 tas
429 3395 760 3456 repetebant.

388 3480 412 3506 ⁰
442 3472 644 3521 Librum
682 3469 946 3532 rationum]
982 3470 1156 3519 Livius
1188 3471 1288 3519 hoc
1330 3471 1383 3520 iu

321 3537 522 3605 senatu,
565 3563 668 3599 non
714 3550 766 3597 in
803 3557 1087 3611 conspectu
1124 3549 1318 3611 populi,
1355 3563 1386 3596 a

320 3625 566 3687 Scipione
598 3623 795 3675 factum
836 3625 964 3674 dicit
1004 3624 1094 3675 lib.
1129 3638 1385 3674 xxxvm.

324 3716 439 3765 cap.
462 3706 546 3750 55.

385 3777 411 3811 ‘¹
446 3778 557 3827 Hac
574 3778 671 3839 die,
687 3776 865 3841 inquit]
897 3777 1027 3826 Haec
1045 3777 1175 3826 dixit
1190 3776 1383 3839 Scipio,

322 3868 439 3903 cum
462 3855 653 3902 citatus
685 3867 800 3901 reus
826 3852 892 3901 ad
928 3860 1095 3901 rostra
1118 3853 1382 3902 subiisset.

323 3926 513 3991 ‘Hoc,'
557 3929 745 3993 inquit,
781 3929 921 3990 ‘die,
963 3930 1153 3978 tribuni
1196 3929 1384 3989 plebis,

323 4021 516 4070 vosque
549 4005 804 4067 Quirites,
840 4018 955 4053 cum
994 4003 1291 4052 Hannibale
1327 4009 1384 4052 et

323 4080 830 4143 Carthaginiensibus
871 4079 1029 4140 signis
1080 4078 1283 4127 collatis
1328 4079 1381 4127 in

324 4157 505 4207 Africa
530 4158 746 4215 beneac
768 4154 989 4204 feliciter
1007 4155 1246 4217 pugnavi.
1268 4153 1382 4218 Ego

320 4234 438 4285 hinc
478 4233 745 4297 extemplo
777 4233 829 4282 in
854 4232 1168 4297 Capitolium
1200 4232 1266 4282 ad
1289 4233 1380 4284 Jo-

1464 2170 1535 2218 lio
1579 2177 1736 2233 atque
1768 2170 1872 2219 arci
1908 2170 2206 2235 praesident,
2234 2173 2528 2224 salutandos

1465 2243 1590 2304 ibo:
1610 2250 1708 2294 dec.
1764 2246 1901 2295 Vide
1927 2247 2040 2296 Liv.
2064 2263 2183 2310 cap.
2205 2254 2288 2297 51.

1528 2329 1553 2355 2
1585 2322 1775 2371 Bonum
1804 2320 2017 2387 factum]
2073 2323 2221 2372 Beue
2264 2324 2529 2388 precantis

1464 2395 1706 2447 formula.

1488 2467 1494 2473 ’
1530 2473 1550 2508 f
1575 2476 1636 2525 In
1660 2476 1978 2526 voluntarium
1997 2476 2219 2541 exilium]
2253 2476 2535 2527 Liternum.

1465 2552 1746 2603 littoralem
1785 2555 1966 2603 urbem
1993 2554 2294 2618 Campaniae
2316 2568 2528 2604 conces·

1468 2630 1558 2679 sit.

1532 2714 1559 2750 κ
1592 2706 1831 2769 Moriens]
1869 2705 1932 2755 Α.
1955 2707 2022 2756 U.
2049 2707 2108 2758 C.
2129 2711 2245 2756 569.

1533 2781 1557 2816 ¹¹
1591 2783 1794 2831 Romam
1836 2782 2122 2846 referretur]
2180 2785 2306 2833 Eum
2351 2789 2527 2833 tamen

1466 2858 1676 2929 quid-am
1720 2860 1895 2908 Romae
1938 2865 2193 2907 mortuum
2239 2858 2530 2909 credidere.

1467 2937 1537 2984 Et
1562 2937 1815 2984 incertum
1854 2934 1940 2984 ubi
1966 2944 2199 2984 mortuus
2222 2935 2289 2984 sit
2315 2935 2387 2984 ait
2411 2935 2530 2987 Liv.

1466 3012 1558 3061 lib.
1581 3025 1836 3061 xxxvnt.
1872 3012 2021 3061 ‘Non
2046 3011 2112 3059 de
2136 3009 2305 3074 anno,'
2343 3012 2529 3075 inquit,

1467 3090 1483 3116 ⁴
1502 3104 1604 3152 quo
1639 3096 1871 3138 mortuus
1903 3088 2003 3137 sit:
2042 3102 2142 3135 non
2167 3088 2251 3135 ubi
2277 3097 2529 3147 mortuus,

1466 3173 1558 3214 aut
1581 3166 1757 3225 elatus,
1771 3166 1873 3212 sit:
1908 3164 1994 3211 alii
2020 3162 2219 3223 Rotam,
2247 3162 2335 3211 alii
2357 3163 2529 3212 Liter-

1464 3241 1538 3302 ni,
1560 3249 1615 3289 et
1643 3249 1901 3289 mortuum
1925 3246 1979 3289 et
2002 3240 2294 3300 sepultum:
2333 3240 2530 3290 utrobi-

1464 3333 1565 3380 que
1588 3324 1915 3365 monumenta
1945 3316 2307 3372 ostenduntur,
2335 3323 2390 3366 et
2423 3328 2529 3365 sta·

1467 3401 1586 3443 tuae.
1654 3394 1893 3455 Namque
1918 3397 1974 3440 et
2004 3391 2204 3440 Literni
2229 3406 2530 3442 monumen-

1464 3477 1593 3526 tum,
1618 3474 2049 3531 monumentoque
2079 3475 2252 3516 statua
2275 3469 2529 3531 superim-

1466 3546 1635 3609 posita
1657 3543 1787 3603 fuit3
1827 3557 1974 3607 quam
2001 3551 2316 3607 tempestate
2339 3543 2527 3609 disjec-

1465 3631 1572 3672 tam
1598 3635 1761 3683 nuper
1787 3619 2039 3668 vidimus:
2077 3624 2135 3668 et
2169 3619 2348 3668 Romae
2376 3626 2530 3670 extra

1465 3708 1666 3762 portam
1694 3698 1975 3759 Capenam,
2008 3695 2061 3742 in
2086 3695 2387 3757 Scipionum
2416 3709 2527 3744 mo·
2604 3728 2605 3731 =

1464 3781 1713 3822 numento
1750 3779 1858 3822 tres
1896 3778 2084 3820 statuae
2120 3778 2270 3832 sunt;
2309 3785 2528 3834 quarum

1465 3850 1581 3899 duae
1608 3849 1742 3898 Pub.
1764 3854 1818 3897 et
1850 3848 1909 3896 L.
1946 3847 2245 3909 Scipionum
2279 3846 2528 3896 dicuntur

1466 3939 1599 3979 esse,
1639 3924 1796 3974 tertia
1832 3921 1997 3984 poetae
2035 3922 2105 3971 Q.
2137 3919 2326 3970 Ennii.’
2391 3921 2529 3969 Sane

1430 4001 1542 4050 'illi
1588 4001 1657 4052 Q.
1711 3999 1905 4048 Ennius
1951 3997 2272 4061 epitaphium
2316 3995 2525 4058 posuit:

1464 4089 1479 4110 ‘
1499 4078 1605 4126 Hic
1628 4085 1708 4125 est
1727 4076 1813 4124 ille
1836 4075 1986 4135 situs,
2008 4074 2089 4121 cui
2110 4088 2277 4127 nemo,
2301 4070 2417 4119 civi'
2437 4086 2527 4120 ne·

1463 4168 1565 4218 que
1588 4153 1748 4201 hostis
1786 4150 1969 4200 Quivit
2005 4163 2099 4215 pro
2121 4147 2278 4199 factis
2301 4145 2535 4211 reddere,

1464 4244 1636 4297 operae
1659 4223 1919 4296 pretium-⁹
