3023 4942
514 375 646 442 182
1106 385 1336 437 sssx‘rt
1387 384 1713 436 Aunssmt
1764 381 2119 437 vtoroats

513 543 653 600 tem
685 536 956 619 peteret,
987 531 1225 596 consul
1255 535 1409 595 ante
1439 550 1651 595 annos
1674 539 1702 577 ⁸
1746 531 1923 599 ultro
1972 532 2211 612 factus,
2241 530 2713 617 Carthaginem

513 638 691 701 intra
739 655 867 699 sex
919 652 1172 698 menses
1224 632 1490 699 delevit.
1578 634 1644 698 6.
1692 632 2138 700 Numantiam
2188 634 2261 698 in
2315 634 2713 719 Hispania‚¹'

514 746 820 805 correcta
851 739 1038 821 prius
1065 737 1351 801 militum
1377 733 1773 820 disciplina?
1794 737 1972 803 fame
1992 737 2195 803 vicit:
2228 738 2385 802 hinc
2406 738 2476 802 N
2479 759 2716 803 uman-

512 844 710 908 tinus.
799 842 865 906 7.
898 839 1068 905 Caio
1100 839 1319 903 Laelio
1339 835 1367 874 ¹‘
1394 839 1754 922 plurimum
1786 859 1987 906 usus:
2034 841 2125 908 ad
2154 859 2341 922 reges
2371 840 2716 905 adeundos

514 946 780 1021 missae,
812 942 988 1007 duos
1020 936 1299 1017 secum,¹
1330 948 1580 1025 praeter
1608 961 1781 1021 eum,
1814 961 2043 1009 servos
2069 943 2286 1008 duxit.
2368 943 2434 1007 8.
2468 941 2578 1006 Ob
2606 962 2714 1006 res

512 1052 735 1129 gestas
765 1046 1122 1128 superbuS,
1169 1041 1555 1109 Gracchum
1574 1043 1729 1128 Jure
1759 1062 2010 1111 caesum
2030 1051 2073 1082 ”¹
2102 1045 2311 1110 videri
2337 1043 2713 1128 respondit:

1425 1208 1789 1231 omOOMOOO

509 1332 543 1376 6
567 1326 801 1388 Coi-repta
823 1338 917 1388 pro
937 1328 1150 1375 correcta
1171 1322 1269 1373 Ed.
1293 1338 1374 1388 pr.
1397 1338 1515 1374 cum
1541 1324 1675 1387 aliis,
1698 1323 1922 1389 improb.
1942 1323 2128 1375 Arntz.
2184 1325 2512 1374 Numantinus
2530 1325 2708 1375 diceas.

513 1390 633 1440 Caio
652 1390 859 1439 Schott.
882 1389 950 1438 G.
974 1391 1046 1438 D.
1070 1388 1134 1439 P.
1165 1390 1182 1417 ‘
1200 1389 1429 1439 Palatini
1455 1405 1556 1439 non
1582 1396 1868 1454 agnoscunt
1888 1389 2120 1439 voculam
2145 1390 2319 1446 dictas,
2344 1404 2510 1454 neque
2535 1390 2714 1438 admo-

509 1456 630 1504 dum
657 1455 954 1515 requiritur.
1022 1453 1096 1503 At
1133 1454 1266 1503 enim
1302 1455 1431 1505 Mss.
1454 1454 1661 1506 Schotti
1696 1469 1795 1504 nno
1830 1468 2100 1516 consensu,
2142 1454 2238 1503 Hic
2261 1455 2590 1504 Numantinus
2609 1455 2714 1503 Pa-

507 1523 651 1570 noetio
676 1519 959 1581 Philosopho
990 1519 1247 1580 plurimum
1265 1533 1394 1568 ιιςιις.
1460 1518 1610 1569 Adeo
1646 1528 1706 1569 nt
1738 1519 1979 1569 videatur
2006 1518 2417 1580 rescribendum,
2443 1520 2578 1568 Hine
2604 1520 2714 1567 Nu-

508 1584 767 1634 mantinus.
835 1583 1060 1633 Panoetio
1085 1583 1368 1645 Philosopho
1400 1584 1659 1647 plurimum
1681 1598 1832 1634 usum·
1875 1584 2079 1634 Auudit
2115 1583 2233 1633 huic
2267 1589 2540 1644 scriptnrae
2577 1585 2716 1632 alter

506 1648 866 1705 Palatinns‚in
891 1662 993 1711 qno
1011 1657 1064 1697 et
1080 1647 1132 1694 in
1147 1647 1344 1711 [Haun.
1369 1658 1422 1697 et
1448 1649 1601 1698 Leid.
1617 1647 1691 1710 1.]
1716 1650 1849 1699 Hinc
1865 1649 2205 1712 Numantinus,
2222 1654 2269 1698 et
2284 1649 2616 1712 copton-imum,
2632 1651 2715 1712 &c-

508 1716 669 1765 Certe
691 1714 876 1762 Loelius
897 1713 1012 1761 heic
1049 1713 1280 1762 intrusus
1318 1721 1400 1763 est
1435 1713 1500 1762 ab
1539 1714 1619 1776 iis,
1652 1714 1739 1776 qui
1771 1724 1871 1763 nou
1896 1715 2237 1763 meminerant
2262 1713 2328 1763 de
2353 1714 2594 1763 Panaetio
2620 1727 2712 1761 un·

508 1796 662 1841 quam
696 1780 921 1827 locutum
942 1777 1191 1839 Plinium,
1213 1777 1400 1840 saepius
1423 1792 1550 1827 vero
1570 1778 1864 1829 meminisse
1886 1778 2072 1829 Laelii:
2106 1778 2309 1827 Gruter.
2370 1781 2387 1806 ‘
2414 1778 2561 1827 Num·
2579 1782 2630 1827 et
2656 1779 2716 1825 G.

507 1846 662 1894 Loelio
681 1859 732 1892 eo
747 1859 768 1902 ‚-
802 1842 1004 1892 Boend.
1037 1843 1198 1892 ceteri
1237 1843 1385 1891 Num.
1414 1843 1472 1892 C.
1497 1844 1651 1893 Laelio
1670 1844 1959 1905 plurimum.-
1999 1849 2058 1892 et
2077 1857 2253 1892 omnes
2288 1841 2408 1890 edd.
2439 1844 2539 1892 nisi
2574 1841 2714 1905 quod

506 1912 662 1959 dictus
690 1909 1044 1977 interponant,
1067 1915 1294 1970 excepta
1314 1907 1595 1971 Agrippin.
1661 1908 1822 1958 Forte
1848 1909 2117 1973 utriusque
2147 1906 2347 1956 fecerat
2380 1907 2717 1965 mentionem,

464 1972 467 1979 '
505 1983 566 2023 nt
602 1974 851 2033 scriptum
885 1972 1043 2022 fuerit
1066 1973 1290 2022 Panaetio
1309 1977 1358 2022 et
1378 1972 1532 2022 Loelio
1546 1972 1838 2036 plurimum?
1870 1971 2153 2023 Arum—⁷
2185 1972 2320 2021 Lelio
2354 1971 2471 2020 Ald.
2538 1971 2584 2019 A
2611 1972 2714 2020 lec-

508 2041 650 2089 tione
672 2040 802 2088 Mss.
823 2038 1026 2087 Schotti
1050 2045 1106 2085 et
1129 2053 1160 2086 a
1181 2037 1318 2088 Vell.
1339 2037 1556 2088 Patere.
1577 2052 1616 2087 1.
1642 2041 1723 2087 18.
1748 2043 1794 2089 8.
1830 2036 1943 2087 fere
1967 2038 2265 2101 suspicatur
2287 2036 2438 2086 Harl.
2458 2037 2522 2085 ab
2545 2036 2714 2086 Aure-

507 2105 579 2154 lio
604 2105 823 2154 Victore
846 2104 1098 2164 scriptum
1122 2101 1282 2157 fuisse
1311 2108 1491 2165 prater
1520 2103 1791 2152 Pometiam
1815 2102 1865 2151 in
1891 2101 2231 2167 sequentibus
2264 2116 2358 2163 pro
2390 2107 2569 2164 praeter
2591 2117 2714 2151 eum-

505 2175 605 2225 r-S
639 2168 846 2233 Superbe
869 2169 1015 2220 malit
1037 2169 1239 2218 Schott.
1261 2168 1482 2232 improb.
1506 2166 1691 2218 Arntz.
1724 2181 1825 2219 nec
1848 2169 2031 2218 melius
2068 2168 2217 2218 Fran.
2256 2174 2311 2216 et
2342 2165 2517 2216 Haun.
2549 2181 2716 2231 super·

1499 2327 1716 2380 NOTAE

504 2443 659 2488 nocte
681 2435 1074 2501 oppugnabant,
1109 2434 1289 2499 paucis
1312 2433 1570 2499 equitibus

497 2514 806 2579 juvantibus
828 2512 1104 2561 liberatum
1124 2518 1236 2560 est:
1260 2516 1567 2560 castrorum·

503 2605 622 2657 que,
665 2603 778 2654 quae
821 2587 1280 2649 Carthaginienses
1330 2585 1569 2635 omnibus

505 2665 671 2728 copiis
695 2663 759 2713 ab
781 2663 910 2711 urbe
936 2663 1131 2726 pariter
1153 2661 1347 2724 egressi
1372 2674 1569 2724 oppug-

503 2741 721 2800 nabant,
741 2739 1075 2787 liberatorum
1100 2737 1142 2786 is
1174 2737 1287 2800 ipse
1311 2736 1570 2800 precipu-

507 2830 587 2865 am
611 2814 824 2877 gloriam
851 2810 1006 2862 tulit?
1055 2837 1061 2843 ·
1555 2835 1562 2848 .

571 2898 597 2933 8
631 2890 807 2939 Consul
824 2893 936 2937 ante
956 2885 1127 2949 annos]
1179 2882 1248 2934 A.
1271 2884 1338 2934 U.
1364 2885 1426 2936 C.
1448 2889 1565 2935 6⁰5.

506 2968 677 3017 aetatis
695 2982 800 3016 suae
823 2977 1073 3013 xxxvnr.

536 3065 541 3070 ’
568 3042 593 3077 ¹¹
628 3041 942 3092 Numantiam
974 3040 1028 3088 iu
1066 3037 1329 3102 Hispania]
1363 3037 1446 3088 Ad
1468 3036 1567 3087 flu-

503 3134 621 3168 men
657 3117 871 3166 Duriam
908 3116 1079 3163 sitam.
1124 3113 1264 3163 Vide
1303 3113 1441 3163 Flor.
1475 3115 1566 3164 lib.

499 3203 569 3244 υ.
595 3208 714 3256 cap.
741 3196 822 3241 18.

1652 2437 1733 2484 18.
1764 2432 1781 2463 ‘
1801 2432 2013 2498 Quippe
2034 2431 2212 2497 Scipio
2238 2439 2339 2483 tam
2358 2432 2568 2497 elegans
2584 2431 2714 2482 libe-

1651 2511 1832 2559 ralium
1867 2507 2175 2571 studiorum,
2226 2510 2491 2572 omnisque
2526 2509 2712 2557 doctri·

1650 2599 1732 2635 nn
1777 2595 1833 2634 et
1877 2594 2060 2636 auctor
2094 2583 2149 2635 et
2186 2585 2467 2635 admirator
2501 2583 2622 2641 fuit,
2653 2593 2714 2654 ut

1651 2659 1929 2724 Polybium
1953 2659 2382 2724 Panaetiumque,
2410 2661 2713 2723 praecellen-

1650 2748 1729 2788 tes
1745 2738 1950 2798 ingenio
1973 2737 2127 2799 viros,
2149 2736 2287 2786 domi
2310 2732 2611 2800 militiaeque
2633 2747 2712 2786 se·-

1649 2828 1763 2863 cum
1787 2812 2062 2863 habuerit)
2127 2814 2212 2862 De
2237 2813 2399 2862 Laelio
2423 2813 2537 2876 quis
2569 2813 2710 2876 igno-

1648 2896 1747 2953 rat,
1760 2903 1875 2938 eum
1889 2889 2077 2940 Cicero
2090 2888 2349 2952 dialogum
2366 2889 2571 2938 nomine
2588 2890 2717 2937 ⁸1.ae-

1645 2965 1771 3015 lius’
1808 2965 1916 3013 sive
1961 2964 2075 3013 ‘De
2108 2962 2388 3014 Amicitia'
2425 2964 2732 3027 scripserit-‚-

1647 3041 1738 3090 ubi
1756 3042 1969 3091 Laelium
1992 3055 2106 3089 cum
2128 3040 2247 3089 aliis
2268 3038 2337 3089 de
2357 3039 2587 3090 amicitia
2611 3038 2712 3088 dis·

1649 3123 1911 3166 serentem
1932 3114 2161 3165 inducit?

1712 3190 1728 3225 ¹
1748 3191 1832 3241 Aa
1852 3205 1991 3253 reges
2017 3191 2258 3240 οάειιιιάος
2276 3191 2466 3255 missus,
2501 3194 2623 3243 daos
2641 3210 2714 3245 se·

538 3270 581 3303 ⁷¹
617 3271 843 3318 Cor-recta
870 3266 1008 3331 prius
1040 3265 1143 3313 mil.
1172 3263 1318 3326 dim]
1354 3263 1489 3314 Qun
1531 3278 1564 3313 a
1641 3266 1770 3329 um]
1818 3267 2062 3331 Quinque
2095 3264 2259 3315 refert
2295 3265 2583 3319 Athenaeus
2618 3272 2708 3320 lib.

504 3345 751 3395 Mancino
774 3350 1021 3404 corrupta
1041 3340 1232 3391 fuerat·
1282 3339 1422 3389 Vide
1443 3339 1564 3389 Flo-

427 3445 431 3450 ·
506 3436 638 3471 rum·

567 3496 592 3530 k
631 3495 750 3544 Gaio
772 3493 952 3556 Loelio]
988 3491 1050 3541 In
1077 3492 1205 3542 Mes.
1227 3499 1287 3541 ut
1307 3499 1566 3543 testantur

503 3571 599 3620 viri
626 3569 930 3628 doctissimi,
949 3567 1199 3630 scriptum
1216 3565 1444 3617 Panoetio
1457 3570 1565 3632 plu-

500 3648 675 3695 rimum
711 3659 840 3693 usus.
903 3644 1096 3693 Mirum
1139 3643 1276 3692 unde
1315 3651 1420 3693 tam
1458 3643 1564 3693 dis-

501 3736 721 3785 crepans
752 3720 1036 3782 scriptura;
1077 3731 1202 3767 sane
1235 3726 1475 3783 utroque,
1510 3728 1568 3769 et

504 3799 741 3847 Panaetio
784 3805 839 3844 et
864 3796 1044 3844 Laelio
1076 3792 1407 3845 familiariter
1439 3811 1564 3845 usus

499 3871 692 3935 Scipio.
749 3872 828 3920 De
853 3869 1093 3920 Panaetio
1110 3870 1405 3920 Stoicorum
1424 3871 1566 3933 prin·

503 3949 626 4011 cipe
648 3955 871 3998 testatur
894 3949 1079 3998 Cicero
1102 3948 1167 3996 de
1191 3947 1363 3997 Finib.
1379 3948 1468 3998 lib.
1485 3962 1565 4000 tva

504 4034 519 4054 ⁸
545 4026 733 4089 Itaque
755 4022 944 4086 homo‚’
967 4024 1152 4085 inquit,
1173 4023 1190 4050 ‘
1208 4023 1259 4071 in
1282 4023 1462 4086 primis
1487 4024 1564 4073 in-

502 4115 699 4167 genuus
722 4109 776 4150 et
805 4100 995 4164 gravis,
1017 4098 1202 4160 diguus
1232 4099 1324 4148 illa
1346 4098 1566 4150 familia-

502 4180 661 4228 ritate
695 4176 957 4241 Scipionis
983 4182 1040 4223 et
1063 4175 1232 4231 Laelii,
1254 4176 1566 4227 Pauaetius..'

500 4256 642 4306 item
660 4253 810 4304 alibi.
843 4252 916 4303 Et
936 4250 1248 4301 Paterculus
1272 4251 1363 4303 lib.
1388 4264 1428 4302 ι.
1445 4266 1564 4319 cap.

1644 3356 1722 3394 vl.
1753 3341 1958 3394 Σκιπίων
1988 3343 2111 3405 ’γοῦν
2140 3344 2168 3390 ὁ
2188 3343 2467 3406 Ἀφρικανὸς
2493 3345 2713 3410 ἐπίκλην,

1645 3418 1995 3482 ἐκπεμπόμενος
2024 3420 2114 3468 ὑπὸ
2141 3420 2234 3478 τῆς
2254 3418 2636 3482 maraht-ovid
2656 3422 2713 3471 τὸ

1645 3496 2034 3555 καταστήσασθαι
2053 3494 2142 3546 τὰς
2168 3496 2295 3546 κατὰ
2324 3499 2418 3557 τὴν
2439 3496 2714 3559 οἰκουμένην

1644 3571 1915 3634 βασιλείας,
1946 3572 2027 3621 ἵνα
2055 3574 2159 3622 τοῖς
2190 3571 2515 3633 προσήκουσιν
2548 3574 2713 3637 ἔγχει·

1646 3650 1882 3711 ρισθῦσιν,
1911 3646 2058 3696 πέντε
2082 3646 2253 3707 μόνους
2273 3648 2484 3711 ἐπήγετο
2508 3650 2713 3716 οἰκέτας,

1647 3725 1706 3775 ὣς
1731 3725 1930 3788 ἄστορεῖ
1968 3724 2209 3781 Πολύβιος
2258 3724 2337 3775 καὶ
2379 3728 2716 3779 Ποσειδώνιος.

1648 3802 1812 3865 Scipio
1851 3806 2154 3863 cognomento
2186 3802 2446 3863 Africanas
2480 3820 2512 3852 ο
2546 3811 2714 3855 senatu

1646 3878 1816 3925 missus
1833 3877 1897 3924 od
1919 3876 2182 3926 ordinanda
2195 3882 2241 3925 et
2262 3876 2592 3929 distribuendo
2606 3895 2711 3941 reg·

1646 3967 1710 4001 aa
1734 3985 1749 4001 .
1771 3985 1786 4000 .
1807 3983 1822 4000 .
1841 3952 2044 4015 quinque
2076 3957 2260 4001 tautum
2289 3967 2446 4003 servos
2478 3956 2640 4020 duxit,
2659 3962 2710 4006 ut

1646 4028 1793 4088 refert
1816 4027 2050 4091 Polybius
2070 4034 2126 4078 et.
2138 4043 2244 4077 eum
2264 4043 2332 4078 eov
2346 4031 2646 4081 Posidonius.

1712 4110 1750 4136 ¹¹¹
1786 4103 2177 4163 Gracchumjure
2198 4103 2395 4167 cesam]
2444 4106 2707 4159 Tiberium

1645 4178 1937 4228 Gracchum
1959 4179 2213 4246 intelligo,
2233 4180 2300 4230 de
2316 4195 2419 4247 quo
2434 4182 2556 4234 vide
2572 4185 2708 4235 Flor.

1645 4255 1735 4308 lib.
1759 4269 1989 4320 111.·cap.
2013 4258 2094 4316 14.-
