3023 4942
522 369 655 436 368
1115 384 1344 434 sssx'rt
1394 387 1723 436 suanm:
1774 387 2129 436 vtcroms

519 527 586 590 ¹7.
608 526 833 610 Hujus
857 545 1030 592 uxor
1049 527 1422 593 Messalina
1439 530 1653 614 primo
1673 530 2172 614 passim,.quasi
2183 531 2358 615 jure,
2373 530 2707 599 adulteriis

521 630 873 693 utebatur:
920 650 1009 693 ex
1040 649 1174 713 quo
1204 630 1387 694 facto
1420 629 1679 712 plureS,
1713 637 1894 694 metu
1947 634 2392 709 abstinenteS,
2427 635 2708 700 extincti

522 738 697 795 sunt.
770 731 1052 824 ‘Dehinc
1081 731 1378 796 atrocius
1407 750 1717 809 accensa,
1746 733 2107 796 nobiliores
2136 754 2441 817 quasque
2472 745 2712 819 nuptas

522 841 590 900 et
616 835 901 917 virgines
927 840 1299 902 scortorum
1331 834 1535 899 modo
1573 854 1803 899 secum
1839 845 2282 917 proposuerat
2310 856 2330 916 ;
2371 840 2714 921 coactique

519 955 764 1014 mares,
805 942 876 1001 ut
926 936 1282 1001 adessent:
1331 935 1515 1020 quod
1565 936 1625 999 si
1678 937 1835 1019 quis
1876 937 2039 1000 talia
2087 937 2449 1016 horruerat,
2495 939 2716 1010 afficto

519 1038 820 1115 crimine,
876 1037 944 1101 in
995 1039 1239 1121 ipsum,
1297 1057 1697 1121 omnemque
1742 1037 2067 1103 familiam
2128 1040 2577 1105 saeviebatur:
2645 1049 2714 1108 ut

518 1142 736 1220 magis
780 1137 1146 1205 videretur¹
1190 1142 1320 1206 sub
1351 1125 1786 1223 Imperatore,
1831 1141 2001 1218 viro,
2043 1161 2245 1225 quam
2294 1142 2716 1225 Imperatori,

517 1249 735 1325 nupta
762 1233 933 1309 esse.
1017 1242 1083 1308 8.
1130 1242 1242 1308 Ita
1268 1243 1489 1308 liberti
1518 1242 1666 1326 ejus
1690 1248 2082 1324 potestatem
2108 1263 2435 1308 summam
2468 1245 2716 1328 adepti,

518 1346 796 1427 stupris,
831 1346 1064 1422 exilio,
1106 1344 1319 1421 caede,
1355 1345 1994 1427 proscriptionibu8‚
2048 1347 2278 1411 omnia
2323 1344 2711 1414 foedabant:

517 1465 608 1511 ex
637 1448 886 1530 quibus
906 1446 1254 1512 Felicemm
1282 1447 1664 1530 legionibus
1686 1445 1731 1510 J
1736 1446 1952 1512 udaeae
1972 1448 2314 1530 praefecit:
2351 1448 2712 1512 Possidio¹²

516 1548 830 1614 eunucho
888 1558 1054 1633 post
1111 1549 1518 1633 triumphum
1577 1548 2038 1614 Britannicum
2094 1549 2266 1614 iuter
2323 1550 2711 1615 militarium

513 1651 944 1729 fortissimos»,
972 1672 1154 1718 arma
1178 1652 1492 1735 insignia,
1521 1658 1840 1734 tanquam
1860 1652 2170 1735 participi
2197 1652 2522 1731 victoriae,
2542 1653 2715 1717 dono

518 1752 757 1817 dedit:
822 1755 1185 1837 Polybium
1206 1761 1233 1789 ⁰
1280 1756 1446 1819 inter
1486 1754 1805 1818 consules
1843 1752 2137 1819 medium
2185 1754 2497 1822 incedere
2536 1756 2715 1821 fecit.

516 1855 582 1920 9.
630 1855 791 1921 Hos
817 1877 1049 1921 omnes
1084 1858 1388 1923 anteibat
1417 1855 1790 1938 Narcissus
1826 1858 1913 1934 ab
1965 1857 2328 1940 epistolis?
2373 1858 2713 1925 dominum

1436 2004 1525 2024 eoo
1529 2003 1800 2028 eoo-eoem

514 2084 784 2148 provinciis
802 2100 1058 2137 acrcssere.
1126 2088 1267 2137 Coesa
1286 2101 1376 2135 usu
1396 2087 1631 2137 laniorum
1654 2102 1841 2138 naum.
1911 2087 2113 2152 Cujscii
2137 2087 2363 2148 scriptus
2394 2085 2526 2136 liber
2551 2087 2718 2135 Musu-

516 2151 754 2200 laniorum
778 2166 872 2213 per
893 2167 926 2200 n
944 2151 1120 2206 habet,
1141 2161 1197 2202 et
1216 2166 1469 2215 accessere,
1491 2153 1625 2202 unde
1650 2153 1849 2215 vulgati
1869 2169 1901 2202 a
1926 2151 2156 2203 Caesare.’
2173 2152 2480 2202 Scirum-e
2512 2151 2718 2199 Inducta

515 2228 615 2278 pro
637 2217 909 2266 introducta
947 2217 1146 2267 Schott.
1188 2217 1386 2265 Gaesb.
1408 2216 1608 2281 Delph.
1642 2218 1830 2266 Pitisc.
1892 2220 2217 2282 ‘Utrumque
2253 2226 2455 2265 rectum
2490 2227 2591 2271 est,
2625 2215 2717 2264 sed

516 2293 631 2329 cum
655 2281 753 2330 boc
778 2283 999 2344 probent
1017 2280 1196 2331 Guelf.
1220 2282 1367 2330 Leid.
1388 2287 1438 2332 1.
1466 2291 1523 2331 et
1559 2282 1681 2331 edd.
1706 2284 1868 2332 tutius
1905 2298 1993 2331 eos
2033 2295 2325 2348 sequemur,
2347 2296 2463 2331 cum
2502 2293 2717 2330 necesse

515 2353 620 2393 non
647 2347 734 2404 sit,
758 2357 813 2393 ut
836 2348 971 2395 idem
996 2349 1223 2410 scriptor
1246 2346 1427 2396 iisdem
1455 2361 1662 2409 semper
1685 2355 1866 2397 utatur
1889 2347 2083 2405 verbis,
2104 2346 2397 2408 praesertim
2419 2360 2535 2394 cum
2562 2347 2717 2394 hosce

512 2411 1373 2542 201‘30‘222331353025332532‘.
1395 2410 2720 2543 gssssssiimc‘iassssmb'ssffi'ssffi‘}:ihm’mffiaffliffss

515 2554 616 2603 pro
636 2543 890 2592 adulteriis
917 2547 1039 2591 Mss.
1061 2557 1146 2605 ap.
1170 2541 1374 2591 Schott.
1446 2543 1581 2591 Tum
1618 2542 1810 2592 Deinde
1851 2559 1946 2607 pro
1976 2543 2167 2592 Dehinc
2205 2542 2394 2603 Delph.
2462 2540 2526 2588 In
2568 2555 2715 2603 seqq.

516 2605 535 2630 ‘
556 2605 660 2655 Pro
683 2609 898 2656 adessent
920 2607 1096 2657 nescio
1118 2621 1212 2655 cur
1231 2608 1441 2657 adissent
1464 2607 1595 2656 Mss.
1619 2615 1725 2655 tres
1759 2609 2082 2672 scripserint.
2127 2606 2193 2656 Τὸ
2217 2608 2337 2655 talia
2359 2603 2529 2654 abfuit
2565 2620 2596 2653 a
2613 2606 2715 2653 Ve-

513 2683 629 2718 ron·
693 2672 920 2722 Quidam
943 2680 998 2721 et
1031 2671 1253 2720 soeciebat
1275 2671 1638 2722 excuderunt!
1673 2672 1861 2728 Schott.
1929 2674 2256 2736 scripturam
2281 2670 2494 2719 adissent
2531 2669 2717 2718 confir·

515 2742 661 2784 mant
684 2737 815 2787 Mss.
842 2753 926 2797 ap.
947 2738 1129 2787 Arntz.
1162 2744 1388 2800 excepto
1414 2738 1562 2786 Leid.
1586 2742 1635 2786 2.
1707 2738 1843 2787 Fam.
1878 2739 1981 2802 q'us
2000 2738 2282 2786 seviebatur
2319 2750 2495 2784 omnes
2520 2745 2716 2797 praeter

514 2799 743 2850 Gruner.
775 2809 831 2851 et
861 2803 981 2864 Bip.
1014 2802 1103 2850 sed
1129 2801 1229 2863 ejus
1253 2804 1494 2866 ignorant
1530 2798 1708 2852 Guelf.
1744 2813 1799 2851 et
1833 2818 2011 2852 omnes
2037 2803 2158 2851 edd.
2182 2808 2303 2849 ante
2335 2800 2541 2849 Schott.
2580 2807 2717 2849 teste

512 2864 796 2914 Arntz.—8
827 2866 891 2914 Τὸ
910 2881 1138 2917 summam
1159 2867 1407 2915 omittunt
1434 2866 1639 2915 Schott.
1672 2867 1866 2916 Gaesi).
1894 2868 2081 2928 Delph.
2102 2868 2289 2916 Pitisc.
2314 2865 2490 2913 invitis
2507 2864 2639 2917 Mss.
2659 2874 2713 2913 et

513 2929 636 2980 edd.
671 2944 757 2992 ap.
792 2930 994 2981 Schott.
1027 2938 1083 2979 et
1116 2929 1303 2981 Arntz.
1371 2931 1500 2980 Mox
1538 2932 1787 2981 ‘Possidio
1810 2933 2057 2982 Eunucho.
2127 2931 2408 2979 Possidouio
2438 2925 2713 2978 inflectunt

512 2993 643 3043 Mss.
666 3009 859 3043 omnes.
926 2995 1201 3045 Possidioni
1235 2995 1401 3045 codex
1438 2996 1775 3045 Veronensis.
1843 2997 2066 3059 Possidio
2099 2995 2421 3045 Basiliensis.
2494 2995 2714 3043 Possidet.

508 3064 617 3123 post
639 3060 927 3124 triumphum
960 3062 1314 3122 Augustanus,
1336 3060 1533 3124 absque
1571 3061 1812 3112 eunucho?
1848 3062 2055 3110 Schott.
2120 3060 2371 3108 ‘Possidio
2401 3057 2549 3106 Leid.
2579 3064 2624 3107 l.
2659 3067 2715 3109 et

511 3124 634 3174 edd.
666 3176 671 3181 ,
700 3125 977 3174 Possidouio
1016 3124 1198 3176 Guelf.
1222 3134 1276 3176 et
1317 3126 1465 3174 Leid.
1503 3130 1555 3175 2.
1593 3127 1682 3190 qui
1723 3131 1776 3176 in
1817 3126 2179 3175 terminatione
2209 3126 2338 3173 licet
2375 3121 2711 3182 dissentiant,

511 3187 774 3250 duplicem
797 3201 969 3239 tamen
988 3199 1357 3241 consonantem
1383 3200 1703 3251 agnoscunt:
1742 3194 1938 3255 alienus
1961 3206 2063 3240 non
2086 3204 2269 3244 essem,
2294 3188 2338 3236 si
2377 3188 2488 3251 quis
2524 3188 2717 3237 Possidi

512 3256 598 3302 vel
623 3255 797 3304 Posidi
830 3254 1101 3315 scriberet,
1134 3256 1345 3317 abjecta
1364 3257 1547 3304 ultima
1569 3258 1753 3305 vocali.
1816 3258 1945 3307 Mox
1967 3258 2112 3305 male.
2128 3255 2277 3305 Leid.
2306 3258 2353 3301 l.
2374 3266 2613 3303 armorum
2636 3254 2711 3301 ia-

512 3318 716 3380 signia.'
750 3321 934 3369 Arntz.
998 3321 1246 3383 Denique
1276 3321 1505 3369 ‘Omnes
1544 3321 1667 3370 olim
1708 3322 1827 3371 edd.
1852 3323 1983 3371 male
2005 3321 2271 3384 Polybiou,-
2305 3318 2467 3382 magis
2493 3312 2708 3366 ridicule

512 3384 663 3433 Leid.
683 3389 734 3435 2.
766 3385 1039 3435 Plolibum:
1075 3385 1386 3447 laudabilius
1407 3400 1586 3436 veram
1622 3388 1897 3437 lectionem
1939 3394 2154 3436 tuentur
2180 3383 2355 3434 Guelf.
2395 3392 2450 3432 et
2487 3383 2639 3432 Leid.
2662 3388 2707 3433 l.

509 3573 658 3624 aquae
691 3560 889 3623 gelidos
916 3568 972 3610 et
1006 3561 1194 3611 uberes
1216 3560 1413 3620 fontes,
1448 3576 1575 3626 quo·
1646 3579 1765 3628 cap.
1800 3569 1885 3614 28.
1912 3566 1929 3594 ‘
1951 3564 2280 3614 Libertorum
2318 3560 2583 3625 praeeipue
2626 3574 2708 3607 su-

511 3652 627 3688 rum
650 3628 801 3688 alteri
840 3640 1092 3702 Curi-nien,
1124 3641 1275 3690 alteri
1300 3641 1480 3691 Curtio
1517 3648 1572 3688 et
1646 3642 1823 3704 spexit
1888 3640 2134 3691 Posidem
2183 3639 2489 3704 spadonem,
2551 3634 2708 3702 quem'

511 3715 778 3764 Albudiuo
798 3730 981 3765 nomen
1006 3724 1107 3773 est,
1131 3717 1383 3779 simulque
1407 3718 1573 3766 rivum
1647 3718 1804 3766 etiam
1829 3717 2135 3780 Britannico
2169 3716 2428 3776 triumpho
2458 3715 2594 3763 inter
2618 3715 2708 3761 mi·

510 3789 734 3841 Anienis
749 3792 868 3840 novi
888 3792 1095 3857 lapideo
1118 3808 1281 3857 opere
1305 3795 1355 3845 in
1379 3794 1574 3844 Urbem
1646 3795 1825 3843 litat-es
1883 3794 2018 3845 viros
2072 3795 2220 3844 hasta
2274 3806 2403 3853 pura
2459 3786 2709 3840 donavit!

510 3866 799 3931 perduxit.’
1647 3871 1751 3921 nic
1788 3872 2000 3920 balneas
2030 3869 2287 3919 exstruxit
2318 3866 2617 3929 magnificas
2652 3867 2702 3913 in

575 3942 590 3975 ¹
630 3944 701 3993 Ut
735 3943 890 4005 magis
928 3945 1194 4009 videretur]
1243 3944 1383 3996 Hinc
1427 3950 1576 3995 certe
1645 3947 1825 3996 littore
1848 3945 2219 4006 Baiano,unde
2255 3948 2434 4008 ‘aquoe
2471 3940 2704 3990 Posidiu-

511 4019 706 4084 aliquid
728 4019 952 4070 excidit:
987 4021 1105 4070 vide
1125 4036 1281 4085 snpra
1315 4023 1368 4070 in
1404 4021 1576 4070 Caesa·
1645 4022 1759 4071 nae’
1793 4022 2094 4087 appellatae.
2379 4056 2384 4059 Α

509 4094 611 4145 rib.
630 4094 759 4145 inde
781 4093 939 4144 facile
963 4096 1250 4161 supplebis.
1709 4106 1733 4133 ⁰
1771 4095 2049 4161 Polybium]
2092 4098 2307 4147 Sueten.
2331 4093 2460 4145 ibid.
2492 4101 2508 4123 ‘
2528 4092 2605 4142 Ac
2621 4107 2706 4141 sua

572 4180 610 4205 ¹¹¹
644 4172 874 4235 Felicem]
908 4173 994 4222 De
1035 4189 1138 4238 quo
1175 4173 1298 4222 Act.
1318 4172 1575 4238 'Apostoh
1646 4188 1741 4236 per
1763 4173 1853 4222 hos
1880 4173 2157 4236 Polybium
2182 4187 2213 4220 a
2233 4170 2439 4231 studiis,
2460 4169 2545 4234 qui
2570 4182 2703 4231 saepe

510 4261 627 4309 cap.
646 4261 810 4298 xxiv.
853 4250 1072 4300 Sueten.
1094 4264 1212 4313 cap.
1235 4253 1318 4298 28.
1645 4250 1784 4301 inter
1807 4249 1936 4298 dnos
1959 4246 2193 4298 con'sules
2216 4244 2535 4297 ambulavit!

575 4330 601 4356 ¹·
632 4323 878 4391 Possidio]
911 4326 1153 4377 Posidem
1190 4334 1346 4379 vocat
1364 4328 1576 4378 Sueten.
1711 4334 1738 4367 Ρ
1792 4326 2051 4377 Narcissus
2094 4325 2156 4375 ab
2207 4320 2443 4388 epistolis]
2491 4322 2699 4372 Sueten.
