3023 4942
2438 388 2528 453 99

305 546 541 629 pulum
569 546 638 611 in
669 552 956 632 quatuor
983 544 1236 611 tribus¹¹
1262 547 1615 628 distribuit,
1649 567 1731 613 ac
1762 555 1921 632 post
1962 549 2144 633 plebi
2190 548 2530 615 distribuit

310 670 670 714 annonam.
778 650 842 715 8.
892 650 1275 727 MensuraS‚
1330 652 1655 734 pondera,
1705 652 1979 730 classeS,
2028 649 2536 735 centuriasque¹

308 754 689 818 constituit.
777 753 841 817 9.
890 753 1282 816 Latinorum
1325 754 1661 837 populism
1692 754 2052 836 persuasit,
2082 754 2182 817 uti
2214 755 2529 837 exemplo

311 874 568 929 eorum,
593 855 712 938 qui
742 856 990 921 Dianae
1018 854 1335 938 Ephesiae
1354 863 1383 890 ¹¹
1419 856 1637 921 aedem
1666 856 2007 931 fecissent,
2041 862 2112 919 et
2142 856 2275 937 ipsi
2306 856 2528 921 aedem

310 956 560 1021 ‚Dianae
586 957 656 1020 in
676 956 1014 1022 Aventino
1036 956 1470 1021 aedificarent.
1514 957 1623 1021 10.
1647 955 1803 1035 Quo
1834 957 2236 1031 effect0‚bos
2259 957 2526 1042 cuidam

307 1058 599 1123 Latino⁰
648 1061 834 1151 mjrae
870 1059 1347 1141 magnitudinis
1380 1065 1560 1138 nata,
1585 1067 1653 1123 et
1682 1079 2076 1142 responsum
2111 1060 2372 1122 somnio
2405 1059 2524 1123 da·-

310 1172 480 1239 tum,
506 1181 667 1244 eum
692 1161 1015 1244 populum
1043 1180 1369 1226 summam
1392 1162 1662 1246 imperii
1699 1162 2101 1239 habiturum,
2126 1163 2321 1247 cujus
2352 1162 2525 1230 civis

313 1263 559 1328 bovem
591 1263 781 1328 illam
819 1262 1067 1329 Dianae
1111 1264 1585 1329 immolassem
1700 1264 1808 1328 11.
1857 1264 2139 1329 Latinus
2184 1265 2427 1329 bovem
2454 1265 2529 1329 iu

775 402 875 452 DE
921 400 1133 451 Vnus
1183 400 1698 453 Innus'rlunus
1746 403 1914 455 CAP.
1966 404 2102 452 vll.

1234 1417 1388 1438 “0“

308 1520 431 1570 diol.
448 1519 584 1583 legit
602 1534 915 1583 aggeremque
937 1517 1194 1579 πίομαι]
1226 1501 1528 1570 Schott.—⁷
1551 1521 1626 1568 Ae
1642 1519 1794 1580 primo
1815 1534 1908 1583 pro
1926 1535 1983 1568 ac
2000 1523 2107 1583 post
2129 1519 2258 1583 legit
2282 1519 2528 1586 Banu,—

310 1590 341 1633 8
362 1590 376 1614 ‘
394 1587 532 1634 Post
547 1586 797 1634 constituit
815 1585 1062 1634 schottus
1081 1601 1108 1633 e
1126 1584 1293 1633 tribus
1311 1585 1463 1633 codd.
1485 1584 1710 1646 addidit,
1727 1586 1912 1647 primus
1932 1585 2138 1632 omnium
2161 1599 2324 1634 census
2338 1587 2530 1636 ordina·

306 1652 398 1709 vit,
411 1651 496 1713 qui
509 1650 663 1698 adhuc
678 1664 764 1712 per
778 1650 936 1700 orbem
955 1655 1191 1699 terrarum
1213 1649 1483 1712 incognitus
1503 1655 1607 1699 erui
1621 1666 1639 1698 .·
1663 1658 1716 1697 at
1741 1651 1961 1712 primum
1985 1649 2135 1698 deest
2153 1649 2267 1699 haec
2283 1651 2527 1710 periodus

306 1715 356 1763 in
381 1715 622 1764 omnibus
648 1715 863 1779 reliquis
889 1715 1035 1763 libris
1060 1715 1269 1777 scriptis
1294 1725 1349 1764 et
1373 1715 1493 1763 edd.
1514 1729 1594 1778 pr.
1619 1716 1741 1763 dein
1768 1713 2047 1764 manifesto
2072 1716 2390 1777 transcripta
2408 1725 2531 1765 sunt

307 1795 337 1828 a
360 1779 586 1843 quodam
605 1780 814 1828 librario
838 1794 903 1829 ex
925 1779 1179 1844 Eutropio
1201 1793 1242 1827 1.
1265 1784 1318 1828 6.
1383 1781 1514 1829 Tum
1540 1780 1728 1829 Victor
1749 1780 2025 1829 brevitatis
2061 1781 2323 1829 studiosus
2343 1781 2395 1829 in
2414 1796 2530 1832 voc.

307 1846 483 1895 classes
511 1846 624 1908 jam
647 1847 815 1894 latere
848 1845 1047 1908 putarit
1078 1858 1246 1896 census
1278 1851 1476 1895 ortum.
1541 1845 1684 1894 Hinc
1711 1844 2032 1895 Arutzenius
2072 1846 2211 1893 illam
2251 1846 2529 1908 periodum

307 1912 458 1959 uncis
484 1911 698 1960 inclusit
721 1911 861 1973 [cnm
887 1909 1085 1961 Gaesb.
1111 1908 1323 1972 Pitisc.]
1347 1917 1403 1959 et
1432 1911 1704 1959 Grunerus
1735 1910 1968 1959 delevit.'
1993 1910 2137 1973 [cum
2166 1909 2265 1959 Ed.
2289 1925 2367 1973 pr.
2408 1911 2530 1962 Ald.

304 1975 452 2038 Bip.]
476 1976 627 2023 Harl.
692 1975 827 2025 Haec
861 1976 1024 2024 verba
1046 1975 1159 2023 sine
1183 1975 1325 2023 uncis
1347 1974 1504 2023 habet
1535 1975 1860 2039 Delph.-·10
1883 1977 2038 2024 Malit
2060 1976 2200 2034 facto
2236 1990 2355 2024 cum
2399 1977 2533 2025 Mss-

306 2041 416 2103 ejus
444 2041 651 2090 Schott.
676 2042 825 2090 malit
858 2039 1034 2105 effecto
1066 2054 1185 2090 cum
1224 2040 1354 2089 Mss.
1391 2040 1506 2103 ejus
1541 2041 1727 2089 Arutz.
1762 2055 1855 2100 pro
1877 2042 2067 2089 cuidam
2092 2039 2387 2103 praeferunt
2413 2041 2529 2106 qui-

307 2106 423 2153 dam
463 2107 589 2153 Mss.
617 2106 757 2168 apud
797 2106 1003 2155 Schott.
1040 2114 1094 2153 et
1135 2105 1320 2154 Arutz.
1352 2107 1587 2168 quoedam.
1621 2105 1720 2155 Ed.
1744 2120 1825 2168 pr.
1862 2108 2078 2169 quedam.
2144 2106 2273 2154 Mox
2297 2109 2413 2155 nuta
2441 2112 2532 2167 est,

306 2185 581 2232 responsum
601 2172 780 2219 somnio
798 2175 965 2219 dutum
984 2175 1057 2220 est
1079 2170 1178 2218 Ed.
1202 2184 1284 2232 pr.
1326 2185 1487 2218 somno
1510 2171 1649 2218 solus
1680 2169 1863 2218 Arntz.
1927 2169 2154 2232 Conjicit
2174 2171 2424 2233 Sylburg.
2453 2186 2532 2220 re·-

288 2236 949 2364 :Pxaet'zffsx‘ffl‘xae
983 2235 1431 2350 32213‘305‘01‘2‘211
1440 2235 1565 2363 ⁶¹11?
1598 2237 1863 2364 ²533ss
1886 2234 2530 2350 ‘222352‘25‘303’31‘333

1307 2428 1530 2481 NOTAE

306 2525 545 2576 Primum
586 2525 885 2584 Excubinus,
931 2533 1133 2589 postea.
1176 2532 1380 2576 muta-ta

309 2602 757 2666 pronuntiatione,
785 2603 1105 2667 Exquilinus:
1142 2610 1198 2651 et
1230 2603 1377 2652 meli·

309 2681 413 2729 oris
437 2681 549 2729 soni
575 2680 746 2743 gratia
776 2680 1071 2744 Esquilinus,
1110 2690 1164 2727 et
1197 2693 1230 2728 a
1253 2677 1376 2743 poe-

311 2758 381 2807 tis
401 2757 674 2820 Esquilias.

379 2834 392 2866 ⁸
416 2834 666 2895 Aggerem
681 2834 930 2898 fossosque
949 2832 1102 2895 fecit]
1139 2840 1154 2864 ⁶
1168 2832 1378 2897 Aggere

308 2915 363 2959 et
393 2907 550 2958 fossis
587 2918 643 2959 et
676 2925 822 2960 muro
858 2910 1154 2961 circumdat
1179 2911 1378 2969 urbem,

305 2985 376 3034 ita
402 2986 704 3048 pomoerium
728 2985 971 3050 profert!
1004 2987 1200 3037 Livius.

369 3061 395 3096 k
435 3063 672 3125 Populum
692 3064 744 3112 in
761 3069 960 3128 quatuor
982 3061 1161 3124 tribus]
1185 3062 1375 3113 Tribus

305 3138 533 3188 urbanas
570 3140 849 3203 intellige:
907 3139 1280 3204 quadrifariam
1321 3155 1375 3189 e·

306 3218 413 3267 nim
439 3217 569 3268 urbe
602 3220 768 3269 divisa
804 3220 1097 3282 regionibus
1132 3220 1375 3269 collibus-

309 3310 433 3358 que,
454 3310 571 3360 quae
593 3295 967 3345 habitabantur
990 3305 1190 3360 partes,
1212 3296 1377 3347 tribus

307 3384 396 3423 eas
432 3371 736 3433 appellavit.
805 3374 973 3422 Fuere
1013 3381 1187 3422 autem
1220 3372 1374 3422 Pala·

306 3446 441 3507 tina,
473 3447 767 3511 Esquilina,
803 3448 1126 3512 Suburraua,
1158 3450 1379 3499 Collina.

309 3521 461 3570 Idem
497 3523 659 3572 etiam
692 3531 859 3574 toturn
896 3540 1074 3588 agrurn
1110 3525 1293 3575 divisi-t
1324 3528 1376 3575 ia

309 3605 487 3659 partes
533 3598 717 3662 viginti
767 3615 880 3663 sex,
930 3617 1059 3666 quas
1107 3611 1164 3652 et
1208 3602 1376 3652 tribus

306 3673 526 3721 rusticas
569 3677 880 3739 appellavit,
922 3678 997 3727 ita
1051 3686 1110 3727 ut
1153 3687 1377 3742 quatuor

310 3747 662 3810 superioribus
702 3752 914 3802 urbanis
956 3753 1165 3817 additis,
1197 3768 1375 3804 omnes

306 3837 582 3874 numerum
648 3826 862 3891 triginta
920 3829 1147 3880 tribuum
1204 3828 1375 3880 effice-

307 3908 443 3949 rent.

374 3973 389 4006 ¹
424 3977 630 4040 Classes,
666 3979 1019 4043 centuriasque]
1050 3980 1154 4030 Sex
1178 3980 1374 4030 classes

307 4051 480 4115 fuere,
513 4056 698 4120 quibus
744 4058 1150 4108 continebantur
1171 4065 1372 4108 centu*-

309 4130 398 4179 riae
437 4139 649 4182 centum
677 4134 970 4198 nonaginta
1008 4142 1151 4193 tres;
1201 4134 1371 4198 prima

309 4206 512 4269 quidem
553 4209 717 4259 classe
753 4209 978 4260 conflata
1012 4225 1076 4258 ex
1111 4209 1370 4274 equitibus

310 4295 363 4336 et
396 4288 676 4350 peditibus,
713 4290 997 4352 nonaginta
1031 4298 1154 4339 octo
1186 4298 1370 4340 centu-

1459 2528 1587 2590 ria33¹
1618 2528 1848 2577 secunda
1883 2529 2050 2579 classe
2088 2528 2273 2592 viginti
2316 2535 2374 2579 et
2411 2529 2529 2580 duae

1458 2621 1564 2655 uua
1587 2620 1704 2654 cum
1727 2604 2032 2669 opificibus;
2068 2606 2242 2667 tertia,
2267 2607 2447 2670 viginti
2474 2613 2531 2656 et

1458 2682 1577 2730 dnae
1613 2683 1885 2743 centuriae,
1911 2681 2171 2745 adjunctis
2207 2682 2530 2732 tubicinibus

1458 2767 1514 2808 et
1551 2758 1883 2819 cornicibu85
1925 2768 2112 2821 quarta
2146 2759 2307 2808 classe
2346 2761 2531 2823 viginti

1457 2836 1713 2886 centurias
1733 2853 1748 2896 ;
1784 2837 1966 2899 quinta
1984 2837 2150 2885 classe
2174 2836 2387 2899 triginta
2410 2851 2531 2885 cen·

1459 2913 1613 2962 tariae
1634 2930 1650 2972 ;
1685 2919 1835 2960 sexta
1852 2920 1906 2960 et
1925 2913 2109 2961 ultima
2120 2920 2232 2961 tota
2250 2922 2527 2962 constante

1459 3004 1527 3038 ex
1555 2989 1784 3038 ·civibus
1840 2987 2016 3050 egenis
2060 2987 2219 3037 unica
2267 2990 2528 3038 centuria.

1457 3064 1585 3114 vid.
1610 3065 1970 3114 Halicarnass.
1993 3078 2074 3115 tv.
2095 3069 2145 3114 2.
2169 3064 2260 3128 qui
2282 3064 2395 3113 haec
2419 3079 2526 3113 om·

1458 3143 1546 3192 nia
1571 3142 1964 3191 distinctissime
2004 3139 2241 3191 tradidit.
2309 3141 2397 3190 Sic
2432 3140 2526 3203 igi·

1457 3224 1544 3268 tur
1578 3219 1805 3281 singulas
1838 3218 2029 3266 classes
2062 3217 2114 3265 in
2148 3217 2412 3266 centurias
2451 3217 2529 3265 di·

1456 3295 1640 3358 gessit.
1704 3294 1844 3342 Hinc
1880 3294 2174 3342 centuriata
2210 3293 2441 3354 comitia,
2473 3293 2525 3341 in

1455 3370 1641 3435 quibus
1658 3371 1879 3432 populus
1899 3369 2230 3417 centuriatim
2249 3369 2526 3417 convenie-

1456 3446 1565 3503 bat,
1591 3453 1645 3495 et
1669 3443 1917 3508 suffragia
1939 3443 2165 3494 ferebat.

1522 3531 1559 3557 Ι·
1591 3522 1874 3572 Latinorum
1891 3521 2100 3586 populis]
2125 3520 2231 3572 Qui
2247 3520 2523 3573 duodecim

1458 3599 1627 3650 fuere.

1523 3685 1553 3712 ὓ
1583 3678 1785 3738 Eorum,
1802 3674 1886 3738 qui
1919 3674 2097 3724 Diana
2122 3673 2274 3737 Epa-J
2311 3673 2525 3724 Asiano-

1457 3767 1591 3800 rum.
1643 3753 1783 3801 Nam
1807 3750 1996 3798 Dianae
2022 3749 2274 3812 templum
2297 3764 2523 3800 commu.-

1457 3829 1598 3879 uiter
1632 3844 1661 3877 a
1695 3826 1999 3877 civitatibus
2028 3824 2173 3875 Asiae
2219 3825 2274 3876 in
2318 3827 2524 3891 Epheso

1458 3906 1588 3955 urbe
1613 3903 1811 3954 factum
1830 3902 1946 3952 fuit.

1522 3991 1552 4016 Φ
1598 3983 1802 4031 Cnidum
1851 3977 2053 4040 Latino]
2096 3977 2360 4033 Sabinum,
2418 3991 2521 4026 nou

1453 4059 1697 4108 Latinum
1723 4056 1923 4106 faciunt
1958 4056 2134 4103 Livius
2169 4062 2223 4103 et
2257 4053 2540 4117 Plutarch„

1454 4135 1560 4184 Sed
1595 4135 1705 4183 baec
1729 4147 1833 4183 nou
1857 4139 2108 4196 pugnant.
2172 4129 2353 4180 Sabini
2381 4130 2521 4178 euim

1453 4211 1731 4274 aliquando
1754 4211 1894 4259 inter
1916 4209 2129 4258 Latinos
2152 4207 2424 4256 numerati.

1522 4294 1547 4328 ⁹
1584 4287 1760 4335 Bovem
1783 4286 1915 4334 illam
1931 4284 2108 4334 Diam
2129 4283 2412 4334 immolasset
2440 4281 2522 4345 [il.
