3023 4942
515 382 648 447 346
1110 397 1343 447 snx‘rt
1394 397 1720 446 Annam·
1779 397 2126 447 vieroms

518 545 622 609 Eo
656 542 854 609 modo
888 544 1162 624 respub.
1205 544 1406 608 unius
1448 545 1722 610 arbitrio
1768 544 1903 625 geri
1945 543 2176 625 coepit,
2211 542 2445 610 liberis
2492 543 2711 611 Caesa-

517 666 660 711 rum
716 647 985 712 nomina
1031 646 1362 711 diversa¹¹¹¹
1414 648 1930 711 retentantibus:
1979 665 2268 727 namque
2308 664 2396 709 ea
2436 652 2711 729 tempes-

516 755 651 813 tate
690 747 1084 830 Imperatori
1115 759 1347 814 nostro
1381 748 1784 814 Constantio
1828 750 2086 829 insigne
2135 746 2429 814 Caesaris
2474 749 2720 834 datum.

519 849 629 913 ll.
679 849 987 928 Quorum
1054 870 1210 915 cum
1272 859 1430 917 natu
1492 852 1854 933 grandior‚¹¹
1913 853 2233 916 incertum
2287 870 2422 933 qua
2467 859 2720 929 causa‚⁹

517 952 731 1033 patris
750 951 1016 1035 judicio
1049 953 1447 1032 occidisset3
1493 962 1767 1036 repente
1803 952 2163 1020 Calocerus
2192 952 2508 1033 magister
2526 972 2724 1035 peco-

517 1054 609 1117 ris
640 1056 1049 1145 camelorum
1082 1054 1378 1138 Cyprum
1410 1056 1703 1120 insulam
1733 1056 1960 1137 specie
1987 1056 2165 1136 regni
2197 1054 2469 1119 demens
2495 1074 2723 1138 capes-

522 1156 798 1221 siverat.
888 1157 997 1222 12.
1045 1154 1209 1234 Quo
1239 1160 1653 1233 excruciato,
1686 1165 1758 1222 ut
1787 1159 1891 1221 fas
1923 1162 2090 1232 erat,
2119 1156 2347 1221 servili
2381 1162 2497 1223 aut
2524 1156 2724 1223 latro-

516 1276 674 1323 num
703 1267 942 1336 more,¹'
987 1259 1345 1325 condenda
1375 1261 1539 1325 urbe
1571 1260 2144 1341 formidandisque
2172 1267 2200 1305 ‘¹
2250 1259 2688 1341 religionibus
2707 1266 2729 1294 ¹

517 1358 848 1441 ingentem
876 1363 1169 1428 animum
1200 1364 1536 1439 avocavit,
1567 1364 1770 1429 simul
1801 1363 2110 1429 novando
2150 1362 2410 1427 militiae
2456 1362 2727 1426 ordine.⁵

517 1462 622 1527 13.
666 1462 757 1527 Et
786 1463 1445 1531 interea-Gothorum
1479 1464 2073 1549 Sarmatarumque
2098 1464 2118 1500 ²
2165 1471 2402 1529 stratae
2449 1474 2725 1545 gentes;

517 1565 837 1647 filiusque
882 1574 1278 1633 cunctorum
1317 1569 1560 1642 minor,
1609 1566 1946 1633 Constans
1985 1568 2275 1641 nomine,
2329 1566 2569 1631 Caesar
2620 1566 2723 1630 fit.

518 1667 627 1735 14.
666 1667 888 1750 Cujus
931 1671 1149 1750 gratia
1197 1670 1601 1752 reipubliooe
1649 1670 2206 1752 permixtionem¹¹
2255 1668 2400 1733 fore
2432 1674 2724 1733 ostentm

520 1789 664 1835 rum
694 1772 865 1836 mira
894 1772 1273 1854 prodidere:
1320 1774 1577 1857 quippe
1602 1792 1683 1838 ea
1710 1781 1929 1853 nocte,
1951 1791 2106 1855 quae
2139 1770 2486 1838 commissi
2518 1771 2727 1852 impe-

519 1873 602 1936 rii
631 1872 808 1939 diem
836 1876 1263 1957 sequebatur,
1292 1876 1428 1960 igni
1459 1876 1784 1940 continuo
1816 1875 1978 1939 coeli
2020 1874 2233 1941 facies
2264 1872 2729 1955 conflagravit.

1447 2042 1805 2061 eenmeeeaeae

524 2157 622 2201 ——9
657 2155 734 2203 Ad
757 2154 1007 2218 imperium
1028 2156 1356 2223 Delpb.—10
1389 2157 1595 2207 Dis-erre
1633 2171 1726 2219 pro
1759 2157 1949 2206 diversa
1987 2156 2122 2219 conj.
2150 2154 2449 2204 Anum—ll
2486 2155 2501 2182 ‘
2524 2154 2735 2202 Demeas

520 2221 850 2280 capessiverat.
884 2222 1054 2269 Vetus
1073 2222 1230 2270 lectio
1250 2223 1634 2285 compeseivemt,
1658 2223 1936 2270 mendose:
1966 2229 2082 2283 post
2100 2223 2251 2282 paulo
2274 2218 2411 2268 forte
2439 2218 2735 2281 legendum,

506 2282 870 2348 formandisque
891 2287 1238 2348 religionibus!
1269 2288 1613 2338 Scirone-1⁶3
1651 2287 2020 2350 formandisque
2045 2285 2564 2349 prosormidaadisque
2586 2281 2734 2345 proh.

525 2347 676 2397 Harl.
742 2351 880 2399 Vide
907 2351 1033 2402 Not.
1057 2353 1252 2416 Delph-
1316 2353 1443 2401 Mox
1482 2353 1713 2401 novanda
1745 2366 1923 2401 omnes
1965 2360 2161 2417 praeter
2197 2350 2426 2399 Gruner.
2451 2359 2505 2399 et
2541 2349 2731 2412 Rip.—

1528 2514 1747 2565 No'rAE

524 2615 661 2658 trum
686 2607 972 2658 officiorum
999 2616 1206 2660 vocant.
1235 2610 1371 2660 Vide
1396 2610 1592 2660 Zosim-

592 2685 605 2718 ¹
632 2685 737 2733 Una
757 2700 1003 2748 oppressus
1019 2687 1115 2750 est]
1152 2686 1387 2735 Zosimus
1405 2687 1593 2737 scribit

526 2761 781 2811 Licinium
801 2770 855 2809 et
872 2762 1242 2810 Martinianum
1259 2761 1591 2813 Chalcedone

526 2838 733 2902 fugatos
759 2839 1116 2906 Nicomediam
1147 2839 1380 2901 petiisse,
1416 2839 1591 2904 ibique

525 2916 762 2965 obsessos
807 2918 1149 2965 Constantino
1188 2932 1246 2965 se
1292 2918 1588 2968 dedidisse:

526 2993 617 3041 ubi
684 2993 1033 3043 Martinianum
1079 2995 1303 3050 occisus,
1361 2995 1590 3045 Licinius

522 3069 936 3119 Thessalonicam
956 3070 1262 3134 ablegatus3
1284 3072 1375 3119 sed
1395 3071 1442 3119 ei
1465 3087 1590 3134 pau·

525 3148 578 3195 lo
612 3154 729 3210 post
752 3155 934 3197 contra
963 3147 1118 3198 fidem
1147 3150 1333 3213 laqueo
1362 3150 1468 3199 vita
1502 3154 1590 3201 ad·

523 3231 684 3273 emta.

587 3309 626 3335 ¹·
661 3302 903 3350 camum
924 3303 1116 3353 nomina
1129 3305 1339 3370 diversa]
1376 3307 1592 3364 Forsan,

523 3377 717 3426 Liberis
743 3379 992 3428 Casuram
1011 3384 1202 3430 nomina
1229 3384 1416 3433 diverse
1436 3388 1591 3433 reten-

523 3454 759 3504 tontibus.

590 3540 615 3565 ¹²
652 3533 790 3581 Natu
807 3534 1067 3597 grandior]
1104 3537 1320 3599 Crispus
1344 3536 1571 3586 nomine.

591 3616 615 3641 ⁰
649 3609 892 3659 Incertum
907 3626 1000 3673 qua
1031 3610 1198 3673 cauea]
1234 3611 1368 3663 Vide
1393 3614 1586 3663 Zosim.

523 3684 621 3733 lib.
638 3699 699 3733 tt.
1575 3703 1580 3713 ·

591 3770 617 3804 Ρ
651 3762 830 3813 Servili
860 3769 944 3814 aar
980 3766 1220 3815 latronum
1248 3768 1399 3831 more]
1434 3768 1592 3817 Cruci

527 3836 769 3887 suffixum
804 3838 964 3890 fuisse
988 3842 1198 3891 videtur
1216 3844 1431 3892 innuere
1450 3844 1591 3906 quod

527 3928 796 3965 servorum
858 3924 914 3966 et
961 3918 1221 3969 latronum
1279 3922 1592 3982 supplicium

525 3993 658 4044 fuit:
695 3995 1048 4059 Hieronymus
1090 4008 1264 4046 tamen
1295 3998 1482 4047 scribit
1520 4001 1593 4048 vi·

526 4083 648 4117 vum
672 4071 1015 4120 combustum.
1344 4095 1351 4098 ·
1517 4072 1523 4088 ⁵

595 4154 621 4188 (Ι
649 4148 904 4197 Condendu
917 4148 1471 4213 urbesormidandieque]
1494 4151 1595 4199 Le·

531 4235 728 4284 get-em,
753 4223 1024 4272 condenda
1041 4222 1171 4284 urbi,
1179 4224 1595 4288 formidandisque

528 4298 835 4360 religionibus
856 4299 1099 4361 ingentem
1128 4300 1339 4351 animum
1361 4302 1596 4365 avocavit,

1671 2612 1814 2660 simul
1833 2613 2046 2660 novando
2066 2610 2255 2659 militia»
2287 2608 2476 2658 ordini.-
2508 2608 2608 2656 boe
2634 2614 2735 2664 est,

1673 2688 1895 2736 animum
1921 2688 2175 2751 applicuit
2190 2687 2302 2734 urbi
2318 2684 2620 2743 condendae,
2636 2688 2737 2734 διο.

1672 2764 1865 2813 Locum
1905 2773 2078 2813 autem
2114 2762 2233 2810 huic
2270 2761 2383 2809 urbi
2420 2761 2558 2809 iuter
2579 2761 2736 2809 Troa-

1672 2842 1790 2889 dem
1832 2848 1888 2891 et
1931 2846 2082 2890 vetus
2135 2838 2506 2899 Ilium'elegit,
2550 2836 2736 2886 funda-

1672 2926 1850 2966 menta
1866 2918 2020 2980 jecit,
2043 2925 2098 2966 et
2120 2916 2251 2965 muri
2287 2922 2491 2978 partem
2516 2915 2734 2978 aliquam

1672 2993 1723 3041 in
1746 2994 1905 3041 altum
1929 2993 2037 3055 egit
2055 3007 2072 3054 ς
2093 2991 2182 3040 sed
2202 3006 2317 3040 cum
2338 3005 2454 3038 eum
2478 2988 2605 3038 facti
2632 3005 2739 3051 poe·

1672 3071 1933 3132 nituisset,
1956 3068 2264 3133 Byzantium
2297 3068 2591 3127 concessit3
2627 3080 2738 3115 eam

1672 3144 2026 3208 amplificavit.
2092 3145 2225 3192 Vide
2250 3143 2441 3191 zosim.
2659 3139 2664 3152 ⁴

1736 3231 1757 3257 ¹*
1778 3221 2203 3284 Formidnndioqtae
2219 3218 2559 3281 religionibus]
2595 3216 2739 3264 Adu-

1670 3301 1855 3350 latorie
1878 3302 1990 3349 haec
2014 3299 2144 3347 dicit
2167 3296 2376 3350 Victor,
2399 3305 2456 3342 ut
2481 3294 2584 3342 alia
2606 3293 2740 3341 bene

1672 3378 1835 3426 multa
1857 3391 1872 3424 τ
1896 3374 2137 3439 produnt
2167 3373 2303 3420 enim
2338 3371 2567 3419 historici
2604 3369 2740 3418 Con·

1671 3455 1960 3504 »tantinum
2006 3466 2090 3500 res
2128 3450 2329 3498 divinas
2374 3448 2741 3509 proculcasse3

1675 3530 1793 3580 vide
1845 3528 2035 3577 Zosim.
2123 3526 2373 3575 Ceterum
2413 3522 2740 3582 formidandi·

1669 3606 1809 3656 dixit
1851 3604 2104 3654 vocabulo
2154 3599 2490 3663 religionibus
2539 3613 2740 3649 accom-

1670 3684 1903 3732 modato.
2725 3695 2728 3700 ·

1738 3768 1762 3794 ⁸
1790 3757 2023 3807 Novondo
2043 3751 2319 3819 [novanda]
2339 3751 2531 3802 militia
2552 3749 2740 3811 ordine]

1675 3838 1819 3897 Lege
1845 3834 2093 3884 Novando.
2158 3829 2422 3878 Zosimum
2464 3827 2608 3886 vide,
2653 3827 2739 3889 qui

1674 3912 1909 3962 militiam
1955 3924 1985 3958 a
2029 3905 2375 3958 Constantino
2442 3911 2739 3965 corruptam

1675 3989 1881 4039 scribit.
2724 4001 2729 4008 ·

1737 4068 1755 4101 ⁸
1790 4064 2058 4113 Gothorum
2098 4053 2547 4117 Sar-mutarumque]
2602 4052 2737 4102 Vide

1676 4142 1867 4192 Zosim.
1892 4146 1948 4186 et
1970 4134 2285 4187 cedrenum.

1740 4227 1762 4251 Ι·
1813 4211 2213 4275 Pmnixtionem]
2266 4206 2532 4273 Ξίνγχυσιν,
2576 4205 2737 4264 consus

1675 4297 1872 4346 sionem.
