3023 4942
1101 347 1452 403 nem-oms.
1531 355 1696 405 cAP.
1747 356 1880 406 xm..
2146 339 2164 354 “
2458 338 2600 406 4·29.

388 501 683 566 Gallieni
708 500 1022 583 sepulcro
1046 499 1349 575 infertur,
1372 500 1550 582 quod
1580 518 1667 563 ex
1701 499 1887 564 Urbe
1913 499 2105 565 abest
2136 520 2257 584 per
2285 487 2586 583 Appiam

390 604 692 667 millibus
722 623 987 668 novem.
1073 605 1136 665 4.
1184 602 1505 667 Galerius
1528 600 1989 666 Maximianus
2013 603 2381 668 consumtis
2411 604 2588 684 geni-

391 706 639 768 talibus
680 705 948 769 defecit.
1034 707 1100 769 5.
1150 704 1611 769 Maximianus
1649 705 2018 769 Herculius
2067 726 2108 769 a
2139 704 2587 769 Constantino

392 807 576 889 apud
640 806 1019 871 Massiliam
1079 810 1429 884 obsessuS,
1485 807 1721 871 deinde
1779 814 2046 890 captuS,
2107 827 2344 892 poenas
2402 805 2592 873 dedit

390 910 618 973 mortis
641 928 872 990 genere
906 916 1262 992 postrem0,
1289 909 1513 973 fractis
1535 910 1782 991 laqueo
1815 910 2237 973 cervicibus.d
2278 909 2341 973 6.
2376 907 2589 973 Alex-

392 1010 598 1074 ander
629 1031 671 1103 a
703 1010 1124 1098 Constantini
1145 1013 1442 1075 exercitu
1456 1012 1849 1099 jugulatur?
1904 1012 1950 1076 7
1956 1059 1973 1076 .
2004 1011 2396 1075 Maxentius
2427 1005 2588 1075 dum

386 1111 711 1175 adversus
736 1112 1249 1176 Constantinum
1269 1114 1709 1195 congreditur,
1731 1114 1940 1196 paulo
1965 1116 2276 1197 superius
2308 1132 2349 1177 a
2379 1120 2587 1196 ponte

392 1212 684 1296 Mulvio,
716 1217 781 1279 in
812 1223 1081 1299 pontem
1129 1216 1417 1297 navigiis
1468 1217 1915 1300 compositum
1952 1218 2037 1279 ab
2077 1216 2285 1279 latere
2332 1214 2589 1296 ingredi

376 1315 730 1394 festinam,
759 1317 956 1400 lapsu
987 1319 1144 1400 equi
1166 1314 1188 1353 f
1214 1320 1281 1381 in
1306 1318 1706 1400 profundum
1735 1318 2079 1382 demersus
2107 1324 2238 1389 est,
2256 1323 2587 1381 voratum-‘-

386 1436 522 1500 que
551 1418 741 1495 limo,
773 1420 1067 1502 pondere
1097 1419 1413 1498 thoraciS,
1445 1440 1687 1503 corpus
1716 1421 1835 1485 vix
1864 1425 2217 1503 repertum.
2260 1419 2324 1483 8.
2358 1418 2588 1483 Maxi·-

387 1520 612 1584 minus
631 1528 658 1566 ἓ
688 1522 871 1604 apud
905 1522 1192 1587 Tarsum
1224 1528 1434 1587 morte
1470 1521 1763 1605 simplici
1794 1524 2014 1606 periit.
2100 1522 2166 1586 9.
2207 1519 2464 1585 Valens
2487 1519 2512 1557 ¹²
2543 1539 2589 1586 a

390 1620 658 1687 Licinio
679 1631 891 1687 morte
911 1626 1290 1689 mulctatur.
1339 1625 1640 1689 Fuerunt
1669 1630 1886 1688 autem
1907 1644 2158 1690 morum
2180 1622 2589 1706 hujusmodi.

388 1724 494 1784 10.
563 1722 880 1789 Aurelius
933 1725 1401 1791 Maximianus
1460 1732 1902 1808 cognomento
1977 1726 2343 1791 Herculius
2406 1724 2589 1789 serus

387 1831 646 1903 natura,
678 1828 915 1891 ardens
946 1829 1244 1907 libidine,
1276 1829 1575 1893 consiliis
1608 1828 1917 1906 stoliduS,
1947 1837 2096 1894 ortu
2128 1828 2377 1911 agresti
2404 1828 2590 1892 Pan-

387 1929 756 2012 nonioque.
849 1930 1028 1995 Nam
1083 1933 1285 1995 etiarn
1332 1953 1508 1997 nunc
1553 1932 1730 1997 haud
1785 1931 1981 2013 longe
2030 1931 2280 1995 Sirmio
2335 1932 2590 1994 eminet

385 2030 578 2093 locus
609 2032 861 2115 palatio
910 2034 1158 2097 ibidem
1188 2040 1599 2110 constructo,
1644 2036 1761 2098 ubi
1791 2040 2102 2117 parentes
2137 2034 2280 2117 ejus
2311 2052 2587 2097 exerce-

386 2132 551 2198 bant
581 2153 790 2217 opera
838 2138 1273 2200 mercenaria.
1361 2137 1470 2201 11.
1518 2138 1751 2201 AEtate
1798 2136 2041 2200 interiit
2088 2133 2589 2215 sexagenarius,

388 2252 706 2300 annorum
728 2238 963 2318 viginti
992 2234 1404 2320 Imperator.i
1490 2239 1597 2302 12.
1629 2238 1885 2303 Genuit
1915 2256 2001 2300 ex
2034 2236 2382 2320 Eutropia,
2416 2234 2592 2318 Syra

387 2338 693 2416 muliere,
744 2339 1203 2415 Maxentium,
1249 2347 1317 2405 et
1346 2340 1694 2417 Faustam,
1734 2339 2086 2423 conjugem
2118 2337 2609 2416 Constantini3

389 2438 582 2523 cujus
641 2443 819 2525 patri
857 2440 1268 2514 ⁴Constantio
1313 2441 1685 2507 tradiderat
1728 2440 2150 2506 Theodoram
2194 2437 2590 2524 privignam.

1308 2608 1640 2628 mOOMOO
1645 2607 1673 2628 O

381 2719 545 2769 sarab
567 2719 743 2769 Guelf.
808 2721 941 2769 Tum
977 2720 1038 2769 ab
1076 2720 1204 2770 Urbe
1242 2719 1360 2768 Ald.
1398 2719 1599 2768 Schott.
1635 2720 1829 2771 Gaesb.
1864 2719 2057 2784 Delph.
2090 2717 2373 2768 Pium-4
2406 2715 2590 2781 Deficit

385 2784 604 2834 Alth—5
644 2786 929 2839 Herculeius
953 2785 1074 2834 Ald.
1142 2786 1268 2834 Mox
1289 2799 1451 2848 poenas
1480 2785 1574 2833 luit
1606 2795 1729 2835 ante
1764 2785 1965 2834 Schott.
1997 2783 2286 2847 legebatur.
2353 2783 2369 2810 ‘
2390 2781 2591 2830 Priscae

381 2858 554 2898 tamen
579 2850 700 2899 edd.
727 2859 784 2899 ut
806 2861 860 2899 et
883 2852 992 2911 ipse
1017 2851 1282 2905 schottus,
1306 2850 1448 2912 [cum
1474 2850 1671 2899 Gaesb.
1699 2850 1895 2914 Delph.
1918 2849 2124 2912 Pitisc.]
2158 2862 2337 2897 omnes
2374 2861 2593 2909 expres,-

383 2929 501 2969 sere
523 2930 686 2977 poenas
708 2916 874 2964 mortis
903 2930 1078 2974 genere
1109 2921 1343 2977 postremo
1363 2913 1547 2973 fractis
1579 2917 1741 2979 laqueo
1779 2915 2037 2965 cervicibus
2068 2915 2175 2962 luit.
2241 2913 2501 2973 Corrupte
2538 2912 2592 2958 in

381 2989 604 3044 utraque
628 2981 858 3029 editione
883 2980 1147 3044 Gryphius
1169 2981 1425 3042 posterius
1450 2979 1663 3029 verbum
1689 2982 1880 3029 omisit.
1926 2980 2079 3028 Prior
2100 2977 2307 3042 quidem
2330 2977 2592 3040 scriptura

381 3043 670 3093 damnanda
694 3061 795 3094 non
819 3054 919 3106 est,
943 3054 1101 3107 atque
1116 3046 1252 3094 idem
1278 3050 1362 3094 est
1383 3059 1567 3093 sensus
1588 3060 1601 3093 ε
1626 3045 1717 3094 sed
1738 3061 1838 3094 non
1859 3044 2109 3092 debuerat
2136 3055 2428 3105 repugnare
2452 3039 2592 3089 codi-

382 3123 499 3155 cum
526 3124 730 3158 suorum
762 3113 1032 3160 consensui
1058 3111 1138 3158 vir
1160 3111 1365 3166 doctuS,
1390 3110 1573 3173 quibus
1605 3119 1661 3159 et
1698 3119 1990 3159 nostrorum
2030 3109 2158 3157 Mss.
2182 3107 2388 3156 accedit
2413 3112 2591 3153 aucto·

384 3172 546 3220 ritas!
577 3173 751 3222 Arntz.
821 3176 1001 3223 Mortis
1017 3190 1210 3235 genere,
1228 3179 1462 3239 postremo
1471 3175 1658 3233 fratris
1676 3175 1841 3238 laqueo
1871 3189 1996 3223 cerv.
2020 3174 2165 3221 Alex.
2191 3170 2409 3220 Alth—7
2438 3170 2593 3230 Egre-

380 3236 514 3284 ditur
535 3236 663 3285 Mss.
688 3253 769 3299 ap.
792 3240 992 3288 Schott.
1015 3240 1101 3303 qui
1124 3255 1242 3288 mox
1277 3239 1460 3287 Molvio
1496 3239 1709 3288 babent.
1780 3240 1959 3287 Milvio
1997 3237 2119 3286 Ald.
2159 3236 2364 3285 Schott.
2398 3234 2594 3284 Gaesb.

385 3301 574 3361 Delph.
594 3301 876 3350 Pistam—8
901 3305 916 3332 ‘
936 3305 1268 3353 Maximianus
1281 3304 1487 3369 quidam
1510 3305 1638 3353 libb.
1655 3305 1784 3352 male
1808 3300 2422 3365 impresserunt.'Scltott.
2455 3299 2591 3349 Tum

379 3368 442 3414 ad
470 3366 670 3416 Tarsum
693 3366 1003 3417 (inem—10
1033 3368 1099 3417 Τὸ
1119 3371 1222 3431 ejus
1245 3376 1363 3434 post
1380 3375 1606 3433 parentes
1640 3384 1741 3419 non
1776 3376 2047 3432 comparet
2085 3367 2138 3415 in
2173 3364 2426 3416 Atd.-—11
2461 3364 2599 3414 Arm.

382 3625 436 3668 at
459 3634 615 3683 supra
635 3620 822 3669 Victor
845 3621 919 3670 ait
947 3621 1212 3671 Ravennae
1237 3620 1447 3672 obiisse.
1529 3623 1644 3674 sim.
1714 3623 1849 3673 Vide
1881 3624 1933 3672 in
1958 3619 2267 3672 Caesaribns.

379 3695 395 3721 ‘
421 3695 551 3745 Tres
571 3697 824 3745 Tabernae.
839 3695 854 3718 ’
885 3698 1026 3745 locus
1049 3697 1322 3747 dicebatur
1344 3699 1446 3748 cir·
1592 3711 1619 3746 ε
1640 3701 1963 3765 Maximinus]
2000 3700 2018 3726 ‘
2043 3700 2203 3747 Fusus
2225 3696 2537 3765 fugatusque
2561 3711 2594 3744 a

382 3784 447 3820 ca
469 3772 682 3820 Romam
707 3773 758 3820 in
783 3773 868 3820 via
892 3770 1087 3836 Appia.
1528 3779 1731 3828 Licinio
1753 3779 1890 3842 apud
1912 3778 2127 3825 Tarsum
2156 3773 2354 3839 periit-³
2419 3774 2593 3836 Supra

443 3845 469 3879 ἃ
505 3847 702 3896 Frontis
742 3850 904 3910 laqueo
959 3846 1244 3909 cervicibus]
1296 3847 1445 3897 Idem
1526 3855 1729 3903 Victor.

382 3921 603 3986 Eutrop.
644 3934 698 3972 at
740 3925 934 3972 Zosim.
969 3925 1044 3974 ait
1082 3926 1266 3974 morbo
1306 3925 1446 3988 apud
1592 3927 1620 3962 ¹¹
1662 3926 1857 3990 Valens]
1890 3926 2129 3976 Zosimus
2152 3925 2331 3974 scribit
2354 3925 2428 3973 ita
2453 3924 2593 3973 inter

379 3999 594 4050 Tarsum
620 4004 925 4052 extinctum.
1530 4003 1927 4052 Constantinum
1950 4011 2006 4051 et
2031 4002 2286 4050 Licinium
2322 4000 2489 4049 foedns
2517 4002 2592 4049 in·

446 4083 469 4108 e
503 4076 548 4124 A
579 4077 888 4128 Constantini
923 4079 1138 4129 exercitu
1157 4078 1444 4144 jug-ulatur]
1530 4080 1681 4138 itum,
1705 4088 1762 4127 ut
1784 4079 1976 4127 Valens
2000 4092 2029 4126 e
2054 4077 2224 4127 medio
2250 4079 2537 4148 tolleretur.

384 4148 705 4203 Suffocatum
729 4155 859 4204 dicit
885 4156 1079 4206 Zosim.
1595 4155 1609 4188 ¹
1641 4155 1887 4205 Annorum
1927 4155 2111 4216 viginti
2159 4153 2451 4217 Imperator]
2485 4153 2594 4203 Alii

446 4223 468 4257 f
495 4226 663 4292 Lapsa
692 4232 828 4295 equi]
867 4233 1038 4284 Ruina
1083 4232 1277 4299 pontis.
1346 4232 1448 4284 Ζο-
1531 4231 1678 4283 aiunt
1702 4244 1942 4296 regnasse
1967 4231 2114 4283 anuis
2137 4243 2303 4282 xvm.

1004 4492 1033 4517 S
