3023 4942
434 363 525 428 44
1039 381 1270 430 sssx'm
1325 378 1648 430 sunam!
1700 376 2053 429 vicroms

437 534 707 608 tosque,
738 512 1095 604 Saturnus,
1123 546 1323 609 regno
1370 526 1709 611 profuguS‚
1739 544 1890 590 cum
1926 527 1995 590 in
2026 520 2654 605 Italiam‘venisset,

436 622 719 709 benigne
776 634 1111 711 exceptus
1178 628 1481 714 bospitio
1550 641 1697 706 est3
1758 627 1988 710 ibique
2053 625 2236 690 haud
2305 628 2543 710 procul
2601 648 2661 692 a·

435 728 757 794 Janiculo
815 749 1039 794 arcem
1102 749 1228 794 suo
1281 731 1552 794 nomine
1603 729 2040 794 Saturniam⁸
2106 728 2489 793 constituit.
2533 750 2538 755 ’
2576 729 2642 792 2.

437 829 652 914 Isque
721 833 983 914 primus
1052 831 1533 914 agriculturam
1608 830 1905 906 edocuit,
1975 827 2285 913 ferosque
2347 830 2645 894 homines

343 943 350 950 ·
438 938 512 996 et
556 934 756 1017 rapto
804 934 1024 997 vivere
1081 945 1397 998 assuetos
1452 934 1540 997 ad
1600 933 2046 1016 compositam
2094 933 2305 999 vitam
2360 931 2642 996 eduxit:

437 1033 615 1099 unde
645 1035 976 1117 Virgilius
1004 1035 1075 1098 in
1105 1043 1352 1099 octavo
1381 1035 1482 1099 sic
1513 1035 1650 1100 ait:

608 1136 793 1203 -Haec
850 1156 1126 1203 nemora
1197 1135 1583 1219 indigenaeb
1643 1136 1865 1203 Fauni
1925 1134 2398 1221 Nymphaeque
2457 1140 2656 1200 tenea·

783 1239 1003 1317 bant,·

591 1338 928 1425 =(aiensque
956 1341 1174 1405 virum
1206 1340 1456 1406 truncis
1485 1344 1553 1405 et
1584 1339 1748 1404 duro
1773 1341 2049 1405 robore⁰
2078 1347 2276 1404 nata:

602 1441 807 1522 Quis
850 1461 1066 1527 neque
1122 1460 1281 1519 ‘mos
1310 1438 1906 1527 nequecultusd·
1941 1447 2130 1507 erat:
2196 1460 2348 1506 nec·
2368 1441 2646 1525 jungere

782 1549 1030 1619 tauroS,

605 1644 750 1711 Aut
778 1664 1180 1730 componere
1207 1665 1380 1729 opes
1408 1650 1670 1721 norant,
1704 1652 1825 1709 aut
1857 1661 2129 1728 parcere
2156 1650 2392 1726 parto:

609 1747 748 1811 Sed
781 1749 1005 1825 ramis*
1035 1754 1234 1831 atque
1264 1767 1467 1831 asper
1495 1748 1675 1812 victu
1709 1743 2025 1812 venatus‘
2048 1744 2320 1828 alebat„

430 1849 499 1915 3.
549 1847 958 1934 Omissoque
1001 1849 1200 1925 Jano,
1237 1851 1357 1933 qui
1401 1850 1567 1913 nihil
1614 1848 1793 1912 aliud
1840 1867 2048 1931 quam
2090 1847 2291 1912 ritum
2336 1849 2641 1914 colendo-

432 1969 577 2014 rum
625 1950 927 2015 Deorum
975 1952 1463 2033 religionesque
1513 1950 1891 2027 induxerat,
1935 1969 2012 2013 se
2064 1949 2356 2015 Saturno
2406 1951 2645 2017 maluit

433 2059 863 2133 annectere;⁸
904 2053 1045 2136 qui,
1078 2053 1285 2117 vitam
1318 2072 1674 2136 moresque
1712 2051 1874 2116 feris
1907 2052 2110 2116 etiam
2143 2058 2279 2116 tum
2310 2053 2643 2117 mentibus

433 2152 836 2234 insinuans,·
865 2155 951 2219 ad
1001 2153 1457 2243 communem!²
1503 2156 1881 2231 utilitatem,
1932 2159 2033 2217 ut·
2070 2173 2281 2238 supra
2327 2153 2643 2234 diximuS‚

1348 2302 1719 2326 ΟΜυφοαοοο

501 2391 637 2447 CAR.
660 2406 751 2442 ru.
815 2398 849 2445 2
873 2400 888 2423 ‘
908 2394 1046 2444 Loco
1068 2394 1235 2444 eduxit
1258 2395 1435 2444 Klotz.
1460 2393 1515 2442 in
1542 2393 1715 2443 Anim.
1752 2393 1883 2444 Crit.
1921 2407 1971 2456 p.
2008 2397 2091 2442 32.
2127 2391 2354 2441 scribere
2370 2392 2527 2455 jubet
2560 2393 2642 2440 de·

432 2458 610 2508 duxit?
634 2458 780 2508 Harl.
850 2460 1093 2510 Traduxit
1126 2459 1576 2525 reponendum-in
1612 2459 1845 2520 margine
1884 2465 2157 2508 monuerat
2192 2458 2348 2507 etism
2379 2458 2645 2507 Scbottus.

431 2530 449 2552 ⁸
467 2524 595 2573 Hoec
616 2523 829 2574 namra.⁴
866 2526 989 2575 Vet.
1022 2525 1139 2575 cod.
1165 2527 1267 2575 hoec
1288 2526 1391 2574 loca
1422 2532 1606 2574 contra
1627 2527 1779 2573 metri
1802 2523 2009 2587 legem!
2029 2523 2354 2587 Sylburg.-s
2377 2525 2392 2550 ⁸
2416 2523 2523 2577 Que
2558 2524 2641 2572 vel

435 2588 686 2643 abundat,
708 2596 770 2639 ut
791 2590 1001 2652 saepius,
1023 2591 1105 2639 vel
1128 2605 1246 2640 cum
1272 2591 1517 2640 Grunero
1553 2589 1856 2639 mutandum
1882 2591 1933 2637 in
1957 2605 2079 2653 qua,
2103 2589 2213 2636 scil.
2240 2588 2255 2614 ‘
2275 2585 2469 2650 μοι’)
2494 2587 2645 2637 Harl.

434 2652 454 2679 ‘
472 2654 731 2703 [minuans
749 2655 830 2704 ad.
873 2656 1018 2720 Lego
1038 2655 1276 2705 mentibus
1289 2654 1540 2705 insinuans
1555 2656 1616 2703 ad
1628 2669 1793 2704 comm.
1812 2657 1968 2718 vulgo
1988 2655 2178 2717 legitur
2191 2652 2478 2714 insinuasse,
2490 2666 2643 2702 sensu

1432 2783 1652 2835 No'rAE

495 2886 521 2914 ⁸
569 2879 875 2944 Saturniam]
924 2880 987 2930 Iu
1033 2881 1245 2945 regione
1284 2880 1497 2934 cistibe-

434 2954 569 3020 rina,
583 2958 636 3007 in
654 2965 829 3008 moute
841 2956 1090 3022 Tarpeio.
1113 2957 1265 3008 Vsrr.
1280 2957 1346 3008 de
1361 2958 1420 3007 L.
1436 2959 1496 3007 L.

433 3033 621 3084 lib-«v.
661 3035 677 3062 ‘
707 3034 1001 3099 Antiquum
1029 3035 1278 3098 oppidum
1310 3035 1363 3085 in
1396 3035 1496 3085 boc

432 3116 609 3160 monte
629 3111 857 3174 Tarpeio
876 3109 1036 3160 fuisse
1048 3110 1346 3161 Saturniam
1369 3112 1496 3161 scri-

430 3188 611 3241 bitur.’
690 3188 798 3238 Hic
837 3202 982 3238 mons
1017 3188 1292 3239 Saturnius
1333 3187 1495 3239 etiam

432 3265 609 3315 dictus
630 3262 751 3313 fuit.

496 3339 522 3374 δ
554 3336 828 3402 Indigetem]
859 3337 1165 3400 memma„
1181 3338 1234 3388 id
1273 3344 1377 3402 est,
1418 3337 1491 3390 ibi

428 3419 557 3475 nati,
587 3417 768 3482 geniti,
791 3431 886 3465 nec
910 3415 1116 3465 aliunde
1140 3415 1368 3466 advecti.

492 3503 518 3529 Θ
550 3493 751 3543 Truncis
782 3497 832 3541 et
858 3493 978 3541 duro
1010 3491 1196 3554 robore]
1228 3491 1382 3543 Quod
1403 3492 1495 3540 ho·

428 3572 595 3622 mines
626 3568 847 3634 primum
881 3567 933 3615 iu
969 3567 1108 3616 cavis
1131 3567 1403 3616 arboribus
1441 3574 1498 3617 et

429 3645 693 3710 speluncis
730 3643 1028 3693 babitarent
1064 3643 1277 3694 Lucret.
1309 3642 1403 3716 lib·
1439 3656 1495 3693 v.

430 3730 448 3752 ⁸
473 3722 590 3772 Nec
614 3721 736 3778 dum
761 3732 842 3767 res
876 3718 983 3780 igni
1013 3718 1218 3768 scibant
1243 3726 1492 3781 tractare,

431 3810 531 3847 nec
569 3796 647 3845 uti
690 3793 943 3857 Pellibus,
986 3802 1043 3843 et
1084 3794 1264 3857 spoliis
1306 3808 1495 3857 corpus

430 3872 626 3922 vestire
649 3868 908 3921 ferarumz
944 3868 1045 3918 Sed
1071 3883 1299 3931 nemora,
1334 3876 1495 3933 atque

429 3961 585 3997 cavos
636 3952 855 4008 montes,
897 3946 1171 4009 sylvasque
1212 3945 1496 4008 colebant;

431 4022 504 4072 Et
533 4019 749 4071 frutices
782 4021 918 4069 inter
938 4019 1238 4070 condebant
1259 4021 1498 4085 squalida

429 4095 698 4147 membra-⁹
762 4094 898 4145 Inde
933 4109 1022 4144 eos
1053 4095 1227 4158 poetae
1252 4097 1495 4148 arborum

429 4173 631 4224 truncis
663 4179 721 4223 et
753 4171 893 4223 duris
927 4171 1224 4237 quercubus
1243 4181 1397 4226 natos
1419 4173 1497 4226 fs-

430 4248 598 4302 bulsti
617 4255 757 4301 sunt.

1658 2883 1684 2917 ¹¹
1740 2884 1864 2940 Quis
1914 2898 2063 2947 neque
2107 2897 2207 2932 mos
2255 2895 2404 2944 neque
2456 2882 2640 2946 callus]

1579 2962 1794 3013 Luci-et.
1816 2964 1940 3013 ibid.
1972 2967 1987 2994 ‘
2011 2964 2129 3014 Nec
2158 2977 2429 3012 commune
2448 2962 2641 3014 bonum

1577 3044 1824 3106 poteraut
1845 3047 2104 3103 spectare,
2142 3053 2243 3088 nec
2266 3039 2383 3088 ullis
2404 3040 2639 3091 Moribus

1575 3114 1715 3163 inter
1737 3130 1794 3164 se
1811 3115 2034 3177 scibant,
2057 3129 2154 3164 nec
2174 3115 2377 3180 legibus
2400 3115 2510 3165 uti!

1642 3198 1665 3224 e
1698 3191 1797 3240 Sed
1831 3190 1982 3255 rami]
2032 3191 2244 3240 Lucret.
2279 3190 2407 3240 ibid.
2440 3192 2458 3219 ⁴
2483 3191 2636 3243 Quod

1577 3266 1655 3316 sol
1676 3272 1834 3329 atque
1850 3265 2042 3315 imbres
2058 3255 2330 3329 dederant,
2345 3267 2480 3330 quod
2498 3276 2645 3315 terra

1576 3351 1776 3392 crearat
1801 3343 2004 3403 sponte
2026 3356 2138 3398 sua,
2169 3342 2297 3392 satis
2317 3342 2369 3392 id
2396 3342 2643 3406 placabat

1577 3426 1794 3483 pectora
1815 3416 2045 3466 donum.’

1642 3491 1661 3525 f
1678 3493 1840 3556 Atque
1860 3507 2002 3555 asper
2018 3492 2150 3542 victu
2167 3493 2302 3557 oen-J
2315 3493 2492 3557 Junge
2508 3496 2643 3544 victu

1577 3584 1694 3620 cum
1727 3570 1918 3625 alebat,-
1951 3575 2009 3618 et
2034 3569 2190 3619 alebat
2220 3569 2352 3618 victu
2390 3571 2465 3621 nil
2498 3571 2638 3621 aliud

1577 3653 1661 3695 est
1680 3659 1835 3709 quam
1855 3643 2030 3694 alebat.
2489 3693 2492 3694 γ

1638 3729 1665 3764 s
1697 3719 1761 3769 Se
1783 3720 1994 3769 Saturno
2014 3719 2183 3769 maluit
2202 3719 2472 3783 annedae]
2504 3722 2638 3774 Quis

1575 3810 1633 3845 se
1670 3795 1853 3845 maluit
1891 3794 2200 3844 annectere?
2264 3795 2406 3845 Gens
2444 3796 2533 3846 illa
2566 3799 2639 3846 vi-

1576 3886 1688 3921 rum
1733 3871 1931 3921 truncis
1972 3876 2029 3919 et
2073 3868 2205 3918 duro
2248 3871 2436 3921 robore
2475 3875 2638 3924 nata?

1574 3949 1677 3997 Vix
1700 3948 1833 3996 hanc
1866 3944 2125 3997 scribendi
2158 3946 2411 3998 rationem
2448 3951 2637 4013 proba.

1576 4023 1712 4075 bunt
1733 4023 1944 4074 eruditi.

1643 4100 1669 4136 ¹¹
1704 4101 1977 4162 lusiam,
2030 4103 2095 4152 ad
2136 4116 2302 4151 comm.
2351 4100 2640 4165 [insinuasse

1573 4177 1782 4243 (dicitur
1813 4176 1886 4242 et)
1906 4179 1969 4227 ad
1988 4177 2175 4248 cm]
2210 4178 2388 4227 Verba
2408 4181 2639 4230 semicir-
2721 4225 2726 4230 f

1484 4299 1491 4303 .
1577 4254 1708 4306 culis
1743 4254 1947 4307 inclusa
1977 4255 2032 4306 iu
2060 4255 2195 4306 Mss.
2224 4254 2413 4307 deesse
2438 4257 2637 4323 signifi·
