3023 4942
505 359 642 434 450,
1103 370 1331 422 snx‘rr
1379 369 1712 434 ananau
1757 367 2119 419 vroronrs

506 519 784 597 sactum,
820 513 1112 582 necavit.
1201 516 1269 581 ’7.
1314 509 1739 597 Eugenium¹²
1788 532 2064 598 quoque
2100 516 2473 597 tyrannum,
2514 517 2703 598 atque

507 622 939 703 Arbogasten
976 614 1362 716 superavit(
1393 616 1639 682 deletis
1678 634 1911 681 eorum
1951 615 2183 681 decem
2222 615 2521 680 millibus
2549 635 2702 699 pug-

505 730 834 788 natorum.
924 719 1066 786 Hic
1096 719 1340 786 etenim
1372 718 1716 802 Eugenius
1746 719 2042 784 confisus
2081 717 2341 782 viribus
2370 717 2708 800 Arbogas·

508 827 644 906 tis,.
663 831 1025 910 postquam
1074 823 1256 909 apud
1297 822 1636 889 Viennam
1672 821 2224 890 Valentinianum
2279 819 2709 900 exn‘nxerat,'¹

508 947 785 1012 regnum
814 926 1109 993 invasit:
1153 924 1277 993 sed
1305 944 1472 992 mox
1516 924 1718 991 simul
1746 944 1903 990 cum
1940 924 2088 990 vita
2114 924 2476 1008 imperium
2504 921 2521 961 ¹
2566 944 2709 1008 per-

508 1030 705 1096 didit.
804 1027 869 1094 8.
916 1029 1079 1100 Fuit
1124 1037 1354 1095 autem
1400 1027 1832 1095 Theodosius
1849 1035 1892 1064 ω
1944 1026 2246 1094 moribus
2305 1035 2379 1092 et
2441 1047 2713 1112 corpore

501 1132 799 1219 Trajano
849 1130 1117 1210 similis,
1145 1137 1474 1215 quantum
1526 1131 1787 1220 scripta
1812 1135 2114 1198 veterum
2143 1135 2213 1196 et
2253 1130 2551 1214 picturae
2598 1131 2710 1195 do·

505 1241 713 1302 cent-¹²
799 1235 918 1301 Sic
946 1235 1245 1300 eminens
1277 1240 1519 1312 status,
1560 1236 1863 1301 membra
1906 1234 2164 1311 eadem,
2198 1253 2322 1319 par
2363 1235 2709 1307 caesaries,

507 1346 639 1416 os‚⁰
654 1338 910 1423 absque
938 1358 1047 1419 eo,
1064 1337 1245 1423 quod
1266 1336 1372 1403 illi
1401 1337 1811 1422 aliquantum
1840 1337 2139 1404 vellendo
2156 1346 2184 1387 Ρ
2212 1338 2474 1408 steriles
2504 1357 2712 1420 genae,

506 1461 728 1527 neque
756 1450 897 1508 tam
938 1442 1245 1525 ingentes
1272 1442 1453 1507 oculi
1481 1449 1695 1521 erant,
1736 1442 1967 1508 nescio
2002 1463 2090 1508 an
2141 1449 2213 1508 et
2255 1448 2442 1508 tanta
2489 1442 2719 1524 gratia,

507 1550 874 1630 tantusque
900 1544 1078 1611 liosq
1129 1544 1200 1609 in
1229 1543 1436 1622 facie,
1470 1563 1592 1609 seu
1622 1550 1815 1609 tanta
1846 1545 2139 1628 dignitas
2167 1546 2239 1610 in
2270 1546 2568 1609 incessu.
2656 1544 2720 1607 9.

509 1646 713 1712 Mens
753 1666 912 1713 vero
942 1666 1217 1732 prorsus
1249 1648 1514 1726 simiIiS,
1548 1647 1722 1713 adeo
1752 1651 1830 1713 ut
1875 1648 2041 1713 nihil
2087 1648 2227 1714 dici
2275 1653 2506 1731 queat,
2539 1645 2722 1730 quod

506 1767 643 1813 non
671 1769 760 1815 ex
789 1751 979 1816 libris
1004 1751 1078 1815 in
1103 1751 1307 1816 istum
1337 1750 1646 1817 videatur
1672 1751 2034 1817 transferri.
2082 1750 2397 1818 Clemens
2427 1750 2717 1825 animuS,

506 1852 917 1933 misericors,
966 1855 1370 1934 communis,
1412 1856 1562 1920 solo
1605 1854 1845 1920 habitu
1877 1854 2137 1920 differre
2190 1874 2269 1919 se
2308 1854 2552 1919 ceteris
2604 1871 2724 1935 pu-

506 1957 701 2037 tans;
772 1956 843 2020 in
897 1975 1126 2021 omnes
1183 1958 1484 2023 homines
1537 1957 1975 2037 honorificuS,
2034 1976 2264 2023 verum
2325 1954 2611 2020 effusius
2657 1955 2726 2017 in

506 2057 767 2122 bonos-z
841 2057 1180 2143 simplicia
1226 2059 1498 2148 ingenia
1549 2079 1745 2144 aeque
1797 2058 2101 2143 diligere,
2152 2057 2414 2123 erudita
2462 2056 2718 2133 mirari,

508 2158 629 2224 sed
658 2160 981 2226 innoxia:
1026 2160 1252 2244 largiri
1280 2180 1532 2245 magno
1556 2163 1783 2227 animo
1817 2181 2098 2245 magna3
2144 2180 2368 2226 amare
2387 2160 2587 2224 cives
2619 2157 2723 2225 vel

507 2263 773 2344 privato
819 2263 1263 2329 contubernio
1304 2265 1640 2348 cognitos,
1682 2283 1942 2349 eosque
1977 2264 2366 2341 honoribus,
2410 2262 2726 2346 pecunia,

1440 2428 1805 2452 eoemeeeeee

400 2511 406 2518 ’
510 2523 735 2577 Ald.—-8
768 2528 991 2579 Moribus
1013 2534 1062 2579 et
1082 2531 1186 2580 vita
1208 2530 1359 2581 Leid.
1382 2535 1433 2581 2.
1501 2531 1634 2581 Mox
1668 2531 1686 2561 ‘
1704 2529 1883 2581 Guelf.
1906 2538 1959 2580 et
1978 2530 2167 2595 priscae
2188 2528 2311 2579 edd.
2339 2529 2533 2594 pictam
2557 2529 2728 2589 edocet,

509 2599 571 2640 ut
594 2593 946 2657 praecedentis
968 2595 1109 2644 vocis
1127 2596 1283 2646 litera
1303 2597 1543 2662 sequenti
1568 2596 1849 2646 adheserit
1864 2598 1978 2646 sine
1995 2596 2328 2646 necessitate.
2377 2593 2729 2644 Tertullianus

512 2656 670 2718 Apol.
684 2673 732 2708 c.
746 2662 826 2709 10.
846 2660 862 2687 ⁸
880 2660 1163 2709 Saturnum
1181 2661 1377 2725 itaque,
1393 2669 1648 2725 quantum
1670 2663 1838 2713 literae
1854 2659 2081 2711 docent.’
2097 2660 2113 2683 '
2128 2660 2305 2710 Amtz.
2342 2660 2472 2708 Tum
2490 2672 2547 2706 os
2561 2655 2731 2709 simile.

512 2721 684 2786 absque
704 2738 757 2772 eo
785 2725 839 2773 in
863 2725 1174 2790 quibusdam
1194 2728 1584 2792 exemplaribus
1609 2742 1697 2792 ap.
1721 2727 1898 2778 Vinet.
1922 2734 1983 2777 nt
2006 2727 2223 2776 Paullus
2248 2724 2639 2775 Diaconus.-9
2671 2720 2731 2769 In

1515 2840 1736 2892 NOTAE

579 2930 604 2964 ¹¹
644 2930 934 2996 Eugenium]
967 2934 1071 2986 Qui
1104 2937 1492 2999 grammaticam
1527 2953 1584 2988 o·
1666 2939 1803 2989 Nam
1826 2936 1962 2988 infra
1990 2936 2162 2995 innuit
2187 2943 2374 2985 auctor
2410 2947 2469 2983 se
2498 2931 2738 2983 Theodo-

513 3007 604 3058 lim
637 3008 906 3067 docuerat,
945 3010 1011 3060 ab
1047 3009 1337 3077 Arbogaste
1380 3014 1585 3064 Franco
1664 3015 1796 3063 sium
1819 3024 2137 3076 prasentem
2162 3010 2373 3061 vidisse.

515 3082 812 3147 Imperator
833 3094 1061 3137 creatus.
1729 3097 1754 3124 ⁰
1786 3091 1894 3140 Par
1929 3091 2165 3145 caurien,
2207 3086 2284 3150 os]
2328 3084 2486 3150 Apud
2513 3084 2738 3134 Paulum

579 3161 595 3194 ἰ
625 3161 908 3228 Superavit]
944 3161 1099 3213 Anno
1122 3165 1326 3230 imperii
1359 3167 1439 3217 sui
1461 3166 1584 3217 ulti·
1665 3158 1889 3218 Diacon.
1935 3167 1951 3194 ‘
1972 3168 2082 3217 Par
2131 3162 2395 3226 caesaries,
2438 3176 2497 3212 os
2539 3157 2740 3211 simile.'

516 3249 645 3309 ¹³⁰⁸.
1667 3244 1907 3309 Optime.

579 3312 605 3347 Β
637 3315 902 3379 Postquam
930 3318 1057 3380 apud
1086 3314 1320 3369 Viennam
1349 3320 1459 3371 Vat.
1498 3335 1584 3370 ex·
1728 3328 1756 3363 Ρ
1795 3318 2043 3384 Vellendo]
2077 3315 2312 3368 Passive.
2353 3316 2364 3326 ’

514 3390 757 3453 tinxerat]
791 3389 1115 3455 Arbogastes
1153 3396 1376 3447 scilicet.
1444 3396 1500 3446 Is
1530 3412 1584 3446 e·
1728 3406 1755 3441 (Ι
1792 3397 2110 3446 Neseioaaet
2125 3398 2264 3443 tanta
2281 3390 2467 3454 gratia,
2487 3395 2739 3453 “ww-'9¹¹²

514 3468 622 3518 nim
665 3465 805 3532 apud
856 3470 1112 3521 viennam
1159 3473 1585 3526 Valentinianum
1652 3473 1779 3540 flos]
1828 3474 1905 3523 Ea
1930 3473 2068 3523 enim
2092 3485 2158 3521 ex
2183 3470 2408 3536 picturis
2429 3468 2611 3530 colligi
2634 3478 2734 3516 non

515 3546 704 3610 laqueo
748 3548 952 3597 curavit
998 3550 1248 3615 interfici,
1290 3567 1427 3602 anno
1467 3566 1596 3603 xvr.
1661 3556 1906 3614 possunt.
1969 3547 2066 3599 His
2111 3546 2280 3597 innuit
2320 3545 2643 3610 Epitomista
2684 3553 2736 3589 se

516 3622 723 3683 imperii
738 3622 1037 3673 Theodosii.
1665 3627 2012 3678 Theodosium
2038 3624 2244 3687 vidisse,
2267 3623 2355 3687 qui
2387 3622 2465 3671 sic
2498 3620 2612 3684 ejus
2636 3617 2734 3666 oris

582 3697 597 3731 ¹
634 3700 756 3748 Cum
785 3699 888 3748 vita
920 3699 1060 3766 imp.]
1098 3699 1146 3751 A
1181 3701 1464 3755 Theodosii
1503 3718 1586 3753 sa·
1668 3702 1847 3754 florem
1872 3711 1927 3753 et
1949 3704 2191 3767 gratiam,
2225 3709 2279 3749 et
2310 3700 2538 3749 incessus
2569 3693 2735 3757 digni·

517 3775 688 3826 tellite
714 3776 933 3826 occisus.
1001 3778 1325 3843 Arbogastes
1349 3795 1474 3830 vero
1508 3781 1586 3831 bi·
1667 3789 1830 3832 tatem
1878 3780 2169 3844 praedicet:
2205 3776 2343 3826 unde
2386 3776 2554 3840 liquet
2601 3773 2734 3824 Pau-

519 3853 622 3902 duo
638 3861 756 3917 post
778 3853 876 3903 sibi
897 3868 1078 3904 manus
1100 3854 1278 3907 infert.
1668 3859 1774 3906 lum
1802 3856 2091 3906 Diaconum
2115 3854 2206 3919 qui
2239 3852 2426 3902 eadem
2461 3849 2638 3911 habet,
2671 3846 2732 3895 ab

585 3937 621 3962 ¹¹¹
655 3929 776 3978 Fuit
802 3935 962 3979 autem
996 3931 1307 3995 Theodosius]
1342 3933 1475 3985 Quae
1511 3947 1590 3982 se·
1668 3935 1770 3984 isto
1801 3934 2214 3999 transcripsisse,
2244 3938 2426 3995 contra
2457 3926 2594 3992 quod
2631 3926 2735 3974 viro

522 4012 750 4067 quuntur
773 4006 944 4055 omnia
976 4005 1088 4056 fere
1116 4006 1182 4056 ad
1206 4009 1422 4059 verbum
1446 4008 1587 4075 apud
1670 4011 1972 4062 doctissimo
1993 4011 2188 4060 Vineto
2212 4009 2375 4058 visum
2400 4004 2520 4062 fuit,
2541 4003 2629 4070 qui
2648 4017 2733 4066 pu·

520 4081 746 4131 Paulum
768 4083 1058 4133 Diaconum
1083 4086 1244 4149 legas.
1671 4088 1805 4137 tavit
1835 4087 1949 4136 haec
1984 4086 2050 4135 ab
2080 4085 2256 4150 aliquo
2287 4084 2374 4148 qui
2420 4079 2567 4130 Paul.
2606 4078 2733 4127 Dia·

586 4167 612 4193 ¹¹
649 4159 848 4223 Scripta
876 4168 1089 4212 veterum
1107 4169 1157 4213 et
1172 4164 1378 4228 picturae
1397 4162 1592 4228 docent]
1673 4178 1790 4213 con.
1834 4164 2069 4227 legisset,
2108 4161 2229 4212 huic
2273 4161 2529 4224 Epitomae
2571 4153 2730 4204 fuisse

525 4237 657 4288 Quae
680 4239 883 4290 scilicet
915 4239 983 4291 de
1020 4241 1247 4306 Trojano
1276 4239 1422 4292 facta
1450 4247 1594 4292 sant.
1674 4241 1901 4306 adjecta.
