3023 4942
462 368 595 434 122
1059 382 1288 430 saxu
1341 379 1671 429 sunam
1725 378 2079 428 vm‘roms

464 528 947 612 AEsculapium
980 526 1324 611 Epidauro
1344 523 1373 561 ‘¹
1420 525 1898 591 arcessendum
1943 524 2172 590 decem
2201 523 2469 607 legatos
2497 526 2670 611 prin·

464 633 619 716 cipe
653 630 745 710 Q.
778 630 1074 713 Ogulnio
1096 638 1120 666 ⁶
1164 630 1511 693 miserunt.
1597 628 1662 693 2.
1715 628 1855 706 Qui
1901 648 2057 692 cum
2088 647 2169 692 eo
2204 628 2572 707 venissent,
2612 637 2682 694 et

465 734 895 798 simulacrum
927 734 1154 814 ingens
1185 732 1605 806 mirarentur,
1647 730 1888 812 anguis
1918 749 1958 793 e
2002 730 2280 794 sedibus
2311 731 2457 815 ejus
2488 732 2673 814 elap-

466 854 608 911 sus»,
637 835 1074 912 venerabilis»,
1125 853 1259 897 non
1311 833 1669 907 horribilis,
1717 852 1839 915 per
1867 831 2155 895 mediam
2201 834 2432 896 urbem
2457 829 2480 868 f
2520 853 2672 897 cum

468 936 911 1001 admiratione
939 936 1240 1000 omnium
1271 934 1355 998 ad
1386 954 1623 998 navem
1656 933 2034 998 Romanam
2063 936 2387 1017 perrexit,
2406 942 2478 999 et
2506 937 2675 999 sein

467 1037 745 1121 Ogulnii
775 1038 1211 1103 tabernaculo
1241 1037 1703 1120 conspiremus
1791 1037 1855 1100 3.
1904 1036 2145 1117 Legati
2178 1036 2401 1100 Deum
2431 1037 2674 1101 vehen-

465 1145 594 1218 tes»,
625 1138 951 1207 Antiumh
996 1142 1299 1225 provecti
1331 1147 1524 1219 sunt3
1570 1140 1687 1203 ubi
1719 1160 1840 1223 per
1869 1135 2264 1204 mollitiami
2307 1141 2515 1203 maris
2560 1159 2677 1204 an·

467 1241 620 1323 guis
663 1245 1044 1327 proximum
1070 1244 1462 1326 AEsculapii
1506 1243 1735 1306 fanum
1758 1237 1786 1276 ¹³
1830 1242 2049 1323 petiit,
2096 1249 2167 1304 et
2204 1248 2366 1324 post
2411 1260 2675 1324 paucos

469 1344 617 1409 dies
672 1345 760 1411 ad
818 1366 1058 1412 navem
1109 1345 1343 1410 rediit:
1391 1352 1456 1408 et
1496 1364 1655 1408 cum
1695 1343 1979 1409 adverso
2037 1341 2302 1408 Tiberi¹
2354 1343 2680 1409 subvehe—

1395 1507 1759 1530 “eoem'‘

473 1625 477 1630 ’
535 1624 672 1675 CAP-
696 1636 848 1675 xxn.
917 1625 943 1674 1
983 1626 1216 1674 Maaaute
1240 1624 1349 1676 alii.
1416 1624 1767 1676 Acca-seudum
1787 1623 1886 1674 Ed.
1906 1638 1986 1687 pr.
2045 1624 2109 1679 Q.
2136 1620 2385 1671 Volumnio
2405 1619 2504 1670 Ed.
2526 1633 2607 1683 pr.
2628 1624 2683 1670 et

469 1687 593 1738 And.
666 1691 869 1739 Oculino
894 1699 949 1738 et
981 1690 1177 1738 Otulino
1200 1690 1413 1753 quidam
1440 1706 1526 1753 ap.
1548 1692 1752 1740 Schott.
1817 1693 1832 1717 ‘
1851 1689 1970 1738 Hoc
1995 1689 2045 1735 in
2070 1688 2277 1736 nomine
2298 1686 2535 1749 corrupti
2559 1692 2683 1735 sunt

470 1765 650 1803 omnes
671 1755 811 1804 libri.
852 1754 1065 1804 Volumio
1089 1756 1236 1803 Leid.
1253 1758 1306 1802 2.
1329 1755 1534 1804 Boend.
1556 1764 1610 1804 et
1635 1756 1813 1803 Haun.
1857 1752 2059 1804 Velunia
2082 1753 2308 1801 Frau.’et
2330 1752 2565 1801 Gramm.
2595 1752 2684 1800 Vo-

471 1817 667 1867 lumt'm‘o
690 1819 854 1881 Lugd.
880 1823 925 1867 1.
948 1820 1204 1882 quomodo
1229 1819 1530 1883 Gryphius:
1559 1826 1750 1869 ceterae
1775 1819 1894 1866 edd.
1925 1818 2195 1868 Volumnio.
2243 1817 2309 1865 In
2332 1825 2481 1865 tanta
2502 1813 2684 1864 confu-

471 1884 615 1931 sione
639 1885 795 1932 malui
818 1884 1089 1934 Schottum
1118 1883 1302 1947 sequi!
1333 1885 1606 1933 Arata—2
1644 1886 1690 1932 E
1709 1884 1898 1932 sedibus
1917 1884 2019 1932 suis
2037 1883 2241 1930 Schott.
2264 1881 2462 1931 Gaesb.
2485 1879 2683 1941 Delph-

469 1947 661 1997 Pitisc.
708 1948 856 1998 Leid.
882 1951 931 1997 2.
956 1963 1059 1998 non
1084 1950 1321 2012 agnoscit
1340 1964 1519 1998 vocem
1541 1950 1747 2012 elapsus,
1773 1950 1994 2010 improb.
2024 1949 2208 1995 Arntz.
2250 1946 2381 1995 Tum
2416 1946 2683 1996 horrendus

471 2010 574 2061 Ed.
592 2026 671 2076 pr.
691 2027 808 2061 cum
836 2014 1033 2077 aliquot
1054 2015 1186 2063 Mss.
1247 2015 1577 2063 Romanorum
1599 2013 1717 2061 ΑΜ.
1740 2028 1855 2062 cum
1879 2013 2001 2061 edd.
2023 2021 2144 2061 ante
2167 2011 2369 2060 Schott.
2419 2010 2686 2058 Romanam

383 2107 386 2112 >
464 2078 703 2140 perrepsit
741 2077 995 2127 Grammii
1029 2079 1148 2128 eod.
1186 2080 1334 2140 prob.
1375 2078 1561 2128 Arntz.
1630 2078 1755 2125 Mox
1787 2077 2026 2127 Volumnii
2047 2078 2146 2125 Ed.
2179 2092 2254 2139 pr.
2277 2076 2398 2124 Ald.
2432 2072 2686 2137 ‘Antiqui

472 2142 657 2202 scripti
691 2142 807 2218 libri
835 2145 1024 2204 partim
1048 2143 1112 2200 Q.
1129 2144 1370 2205 Burgoni,
1391 2144 1577 2203 partim
1601 2142 1829 2203 Volguini
1851 2142 2117 2217 legebam-nt,
2133 2141 2270 2188 unde
2294 2139 2496 2201 Ogulnii
2520 2153 2687 2201 parva

470 2206 834 2281 immutatione
848 2205 1135 2284 faciebam}
1160 2208 1228 2257 de
1245 2224 1346 2268 quo
1365 2210 1453 2257 alii
1472 2206 1738 2283 vid-erint).
1754 2206 1942 2282 δεήσει..
1981 2205 2114 2253 Vide
2132 2207 2262 2255 Not.
2277 2205 2595 2315 udam-130
2593 2202 2688 2315 {i}-

467 2276 557 2383 ⁶4⁰5
557 2271 951 2398 tamam
954 2272 1222 2387 ‘3125‘ssssss
1229 2274 1825 2398 {flitmfi‘st‘ss'aexssa'i
1846 2268 2691 2392 '3²1¹1‘3,·3..*÷l‚2·2⁰.·0⁴33†32'1...0„a

468 2401 735 2467 mium,
765 2402 1143 2453 animumn.
1208 2403 1349 2453 Vide
1368 2404 1523 2453 Nott.
1562 2402 1756 2466 Delph.
1786 2407 1845 2451 et
1864 2401 2019 2451 Varr.
2086 2400 2216 2450 Mox
2254 2399 2518 2463 pleniores
2553 2397 2688 2448 Mss-

1465 2547 1694 2598 NOTAE

472 2651 819 2708 portentoque
842 2645 955 2708 jam
990 2645 1170 2696 similis
1199 2645 1381 2695 eludes
1403 2652 1539 2701 erat,
1683 2643 1711 2678 ¹¹
1741 2622 1983 2707 Antiums
2004 2643 2306 2693 Latinorum
2330 2648 2559 2704 portum.

473 2727 532 2770 et
563 2721 681 2769 ‘libri
700 2722 855 2786 aditi,
885 2723 1100 2786 quinam'
1119 2721 1262 2781 finis,
1284 2730 1375 2769 aut
1401 2719 1541 2783 quod
1689 2720 1709 2755 ¹
1763 2722 1866 2771 Per
1927 2718 2182 2771 mllitium
2250 2716 2545 2782 [mollitiem]
2608 2716 2691 2765 Ex

473 2796 762 2846 remedium
788 2799 903 2863 ejus
927 2800 1050 2848 mali
1076 2799 1140 2847 ab
1166 2798 1286 2847 Diis
1307 2797 1543 2845 daretur.
1622 2796 1759 2846 Mss.
1795 2797 1949 2848 codd.
1994 2798 2242 2847 Schottus
2282 2810 2371 2860 per
2412 2792 2694 2851 malaciam,-

474 2872 753 2922 Invemnm
801 2875 853 2922 ia
895 2875 1040 2922 libris
1084 2872 1431 2935 AEsculspium
1475 2870 1544 2920 ab
1624 2871 1763 2937 quod
1786 2887 1935 2937 aeque
1954 2873 2149 2921 bonum
2174 2881 2272 2922 est.
2339 2869 2574 2930 Maenia,
2602 2886 2693 2929 μα·

476 2947 743 3012 Epidauro
766 2950 980 2997 Romam
1004 2948 1391 2998 arcessendum.
1435 2946 1545 2996 Ne-
1626 2949 1788 3012 λακία,
1824 2950 2193 3013 tranquillitas.
2262 2950 2328 2999 In
2367 2949 2484 3018 cod.
2521 2944 2695 2996 Paris.

479 3040 580 3087 que
626 3041 688 3075 eo
734 3041 888 3088 anno,
931 3027 1054 3089 quia
1108 3025 1246 3073 bello
1298 3023 1547 3085 occupati

477 3102 720 3149 consules
755 3107 924 3156 erant,
962 3099 1235 3164 quicquam
1280 3099 1346 3147 de
1382 3113 1443 3147 ea
1487 3113 1546 3147 re

478 3176 690 3224 actum.'
737 3177 992 3239 Loquitur
1013 3176 1189 3224 Livius
1214 3176 1279 3224 de
1303 3174 1369 3222 Α.
1390 3176 1458 3224 U.
1482 3176 1546 3225 C.

476 3255 597 3300 461.
628 3252 824 3300 Missus
850 3251 1108 3313 Ogulnius
1134 3266 1266 3300 anno
1285 3251 1543 3316 sequenti.

523 3334 547 3360 0
566 3327 834 3391 Responso]
851 3326 1130 3391 Apollinis,
1144 3327 1304 3378 ovid.
1324 3329 1543 3378 Metam·

476 3416 575 3454 xv.
599 3405 817 3454 Lactan-

542 3479 586 3526 ἃ,
608 3479 873 3543 Epidauro]
909 3479 1056 3530 Urbe
1081 3481 1245 3543 Epiri.

480 3603 488 3629 e
545 3561 569 3588 ⁰
604 3555 670 3611 Q.
702 3554 936 3618 Ogulnio]
970 3556 1038 3606 Q.
1073 3556 1327 3621 Ogulnius
1360 3558 1544 3609 Gallus

477 3628 778 3680 dicebatur.

481 3712 484 3713 ’
545 3703 567 3739 ¹
591 3705 694 3754 Per
713 3706 916 3755 mediam
938 3706 1122 3772 urbem]
1155 3707 1311 3757 Ovid.
1334 3708 1350 3736 ‘
1377 3708 1547 3756 Medi-

481 3797 667 3848 amque
688 3799 784 3845 per
813 3783 993 3833 urbem
1024 3784 1219 3833 Tendit
1240 3784 1307 3833 ab
1329 3784 1549 3833 incurvo

477 3862 705 3911 munitos
730 3873 918 3922 aggere
941 3859 1163 3922 pertus!

546 3943 574 3979 s
610 3934 937 3999 conspiravit]
962 3935 1079 3985 Hoc
1103 3943 1202 3993 est,
1225 3951 1280 3984 se
1305 3937 1357 3986 in
1383 3936 1549 4000 spiras

479 4012 765 4074 convolvit,
788 4016 848 4061 ut
867 4013 1039 4062 solent
1071 4021 1364 4075 serpentes.
1429 4015 1548 4062 Vir·

479 4088 570 4154 gil.
594 4087 789 4150 θεοῖς.
824 4101 896 4138 11.
925 4086 941 4114 ‘
969 4088 1257 4151 Squameus
1280 4090 1332 4137 in
1354 4091 1545 4153 spiram

481 4173 706 4215 tractum
732 4179 789 4214 se
813 4163 1021 4227 »colligit
1045 4165 1260 4227 anguis!
1325 4167 1550 4218 Quidam

478 4241 674 4293 habeut
692 4242 997 4310 constipavit,
1021 4258 1124 4293 non
1149 4246 1227 4295 ita
1239 4245 1405 4298 bene.

1625 3028 1881 3091 seriptum
1905 3040 1999 3090 per
2020 3027 2291 3076 Senio-inam
2307 3023 2584 3074 manifesto
2605 3039 2695 3073 sae·

1625 3104 1798 3153 viciam
1819 3103 2118 3166 legendum.
2184 3104 2254 3151 Et
2282 3100 2458 3150 forsan
2481 3101 2595 3150 haec
2627 3101 2696 3149 sit

1622 3195 1747 3231 vera
1768 3182 1943 3231 lectio.
2011 3182 2092 3230 Ex
2116 3180 2274 3231 Ovid.
2293 3182 2308 3208 ‘
2341 3181 2409 3229 Et
2429 3179 2588 3242 spissi
2608 3179 2695 3228 lit-

1625 3259 1755 3306 toris
1807 3257 2042 3306 Antium.
2109 3256 2233 3306 Huc
2277 3255 2366 3305 ubi
2421 3253 2693 3305 veliferam

1627 3344 1799 3384 nautae
1824 3335 2099 3384 advertere
2127 3334 2376 3395 carinam,
2404 3332 2610 3398 (Asper
2642 3347 2696 3381 e·

1625 3411 1730 3459 nim
1745 3411 1857 3474 jam
1885 3419 2075 3473 pontus
2110 3408 2254 3474 erat)
2286 3409 2429 3457 Deus
2465 3409 2697 3472 explicat

1625 3487 1815 3548 orbes3
1841 3488 2050 3551 Perque
2073 3486 2212 3535 sinus
2234 3485 2464 3543 crebros,
2482 3493 2538 3533 et
2556 3499 2698 3548 mag·

1626 3578 1698 3612 na
1718 3564 1977 3612 volumina
2007 3562 2209 3623 labens,
2229 3562 2444 3625 Templa
2467 3563 2697 3625 parentis

1628 3640 1743 3703 init,
1776 3639 1965 3689 flavum
2002 3641 2275 3703 tangentia
2307 3637 2495 3690 littus.'
2562 3639 2698 3689 Cau-

1629 3730 1738 3764 sam
1780 3717 1917 3764 enim
1954 3715 2129 3764 reddit
2164 3730 2258 3763 cur
2291 3715 2450 3776 legati
2489 3726 2695 3777 portum

1633 3789 1777 3840 Antii
1805 3786 2110 3854 subiet-unu
2143 3792 2387 3840 nimirum
2408 3790 2520 3854 jam
2555 3805 2698 3841 mare

1631 3870 1898 3919 saeviebat.

1693 3942 1718 3976 ¹¹
1739 3942 2213 4009 AEsculupiisunum]
2234 3943 2401 3992 Immo
2424 3940 2699 4006 Apollinis,

1627 4034 1696 4069 ex
1741 4021 1902 4070 Ovid.
1940 4036 2131 4083 supra:
2171 4021 2425 4082 ‘Templa
2465 4020 2700 4084 parentis

1628 4098 1747 4159 init,
1763 4096 1953 4149 flavum
1976 4098 2249 4160 tangentis
2271 4095 2460 4147 timul

1697 4170 1712 4206 ¹
1741 4173 1955 4223 Adverso
1981 4173 2167 4236 Tiberi]
2202 4174 2338 4225 Quia
2376 4174 2589 4221 Romam
2610 4187 2700 4234 pe·

1633 4249 1798 4301 nebat.
1831 4249 1847 4276 ‘
1869 4251 1979 4301 Per
1996 4248 2459 4301 adversasunudas’
2494 4249 2653 4299 ovid.
