3023 4942
526 398 658 462 146

527 559 743 625 relata
782 560 934 621 est.⁰
1017 552 1128 618 10.
1170 551 1352 617 Tum
1389 550 1459 615 in
1495 520 1835 614 Graeciam
1877 561 2248 629 regressus,
2276 564 2431 611 cum
2461 543 2730 632 Argos?

527 663 967 746 oppugnaret,
988 656 1127 721 ictu
1158 654 1403 738 tegulae
1433 657 1818 737 prostratus
1848 654 1975 714 est.
2045 648 2155 712 11.
2184 648 2451 733 Corpus
2479 650 2564 714 ad
2586 649 2761 737 ΑΨ·

527 768 851 847 tigonum‚
869 779 1094 843 regem
1124 755 1589 834 Macedoniae,
1618 753 1899 846 relatum
1927 751 2281 833 magnifice
2306 754 2673 848 sepultum.
2760 795 2767 800 -

1039 445 1044 448 -
1110 405 1342 458 SEX‘H
1388 401 1714 453 Annum!
1767 400 2125 452 VICTORIS

528 1012 965 1067 ARGUMENTUM.
1033 1015 1231 1065 Contra
1262 1011 1524 1076 Pyrrhum
1563 1010 1766 1072 missus,
1789 1001 1974 1074 quarta
2004 1006 2151 1073 regni
2175 1014 2325 1071 parte
2347 1006 2542 1058 frustra
2560 1007 2732 1057 solici-

592 1103 762 1158 tatur3
784 1096 974 1161 Pyrrhi
996 1093 1548 1157 medicum,Pyrrhum
1573 1106 1772 1140 veneno
1794 1091 2104 1150 occisurum,
2128 1089 2194 1137 ad
2217 1090 2477 1153 Pyrrhum
2495 1088 2731 1164 vinctum

592 1175 775 1228 reduci
789 1176 981 1240 jubet;
1023 1180 1079 1223 et
1098 1189 1128 1223 a
1153 1172 1377 1244 Pyrrho,
1397 1173 1541 1222 illum
1565 1172 1874 1232 admirante,
1895 1169 2140 1246 laudatur
2157 1169 2454 1226 Fabricius.

610 1302 722 1367 12.
765 1302 1148 1367 Pvunnus
1203 1319 1358 1365 cum
1408 1298 1706 1363 secundo
1758 1297 2036 1382 praelio·
2087 1318 2130 1362 a
2174 1298 2505 1363 Romanis
2548 1306 2734 1364 esset

523 1404 766 1488 pulsus
809 1405 1195 1481 Tarentum,
1224 1400 1579 1485 interjecto
1602 1399 1824 1478 anno,b
1862 1408 2094 1467 contra
2129 1391 2453 1487 Pyrrhum
2495 1403 2736 1468 Fabri-

525 1506 672 1571 cius
714 1506 967 1570 missus
1007 1511 1133 1581 est,
1161 1506 1279 1588 qui
1309 1504 1500 1587 prius
1532 1491 1699 1567 inter
1726 1503 2031 1585 legatosc
2073 1505 2399 1569 solicitari
2428 1524 2562 1568 non
2605 1523 2733 1586 po-

523 1614 693 1674 terat
733 1615 973 1692 quarta
1012 1607 1197 1689 regni
1226 1612 1418 1690 parte
1448 1606 1803 1689 promissa.
1897 1605 2002 1670 13.
2048 1603 2219 1670 Cum
2249 1607 2474 1670 vicina
2506 1614 2738 1670 castra

522 1712 673 1794 ipse
712 1719 784 1773 et
819 1729 944 1775 rex
979 1710 1327 1786 haberent,
1357 1708 1662 1772 medicus
1705 1706 1946 1792 Pyrrhi
1982 1714 2183 1773 nocte
2218 1708 2306 1774 ad
2338 1728 2495 1773 eum
2524 1707 2736 1785 venit,

524 1812 947 1894 promittens,
996 1833 1068 1877 se
1117 1812 1453 1896 Pyrrhum
1497 1829 1755 1878 veneno
1804 1810 2202 1889 occisurum,
2250 1810 2312 1875 si
2361 1810 2497 1875 sibi
2545 1810 2737 1893 quic-

526 1933 728 1998 quam
778 1914 1300 1998 pollicitaretur:
1353 1914 1466 1978 14.
1513 1933 1711 1997 quem
1760 1912 2118 1978 Fabricius
2163 1913 2459 1977 vinctum
2504 1911 2741 1977 reduci

513 2016 721 2099 jussit
750 2017 840 2080 ad
870 2017 1239 2095 dominum,
1268 2014 1660 2101 Pyrrhoque
1692 2014 1849 2092 dici,
1882 2033 2036 2098 quae
2068 2021 2309 2079 contra
2339 2020 2544 2098 caput
2582 2012 2737 2097 ejus

517 2118 827 2182 medicus
867 2120 1371 2208 spopondisset·
1456 2117 1638 2183 Tum
1682 2135 1817 2180 rex.
1852 2116 2217 2181 admiratus
2261 2134 2438 2193 eum,
2471 2114 2738 2180 dixisse

522 2218 765 2286 fertur:
796 2220 929 2286 Ille
959 2230 1062 2286 est
1089 2220 1480 2297 Fabricius;
1496 2218 1612 2304 qui
1640 2216 1980 2282 difficilius
2009 2218 2096 2282 ab
2120 2217 2504 2294 honestate,
2529 2235 2740 2300 quam

524 2322 631 2386 sol
659 2341 703 2388 a
728 2343 855 2389 suo
886 2343 1091 2389 cursu
1120 2317 1610 2406 avertiposset.

1442 2484 1820 2508 OWOWO

522 2585 726 2636 Boend.
758 2589 957 2638 ducere.-
989 2602 1165 2637 omnes
1200 2585 1511 2652 perperam!
1546 2585 1718 2636 Amtz.
1784 2591 1800 2614 ·
1826 2584 2004 2634 Relatu
2038 2589 2129 2634 ese.
2193 2583 2332 2634 Data
2369 2583 2546 2635 Haun.
2594 2588 2745 2638 electu

525 2652 674 2701 Leid.
697 2657 748 2701 2.
783 2655 931 2701 Elotu
954 2653 1111 2703 Fran.
1136 2653 1371 2703 Gramm.
1394 2660 1449 2700 et
1472 2651 1626 2700 editt.
1667 2649 1757 2700 sed
1801 2664 1928 2700 vera
1963 2650 2116 2698 lectio
2155 2648 2465 2699 solicitanda
2498 2665 2602 2700 nou
2633 2663 2742 2710 est,

524 2732 677 2781 quam
699 2717 858 2766 etiam
891 2725 1033 2767 recte
1060 2717 1263 2783 judicio
1301 2732 1395 2766 suo
1429 2715 1789 2779 comprobavit
1825 2713 2107 2763 Schottus.’
2142 2711 2449 2764 Arum—10
2482 2717 2544 2765 In
2572 2717 2744 2766 Groec.

522 2796 743 2830 reversus
763 2783 877 2832 dum
897 2781 1058 2844 Argos
1078 2798 1252 2846 oppug.
1287 2783 1387 2831 Ed.
1413 2794 1492 2844 pr.
1544 2784 1657 2830 dum
1675 2779 1835 2842 Argos
1857 2783 2094 2842 oppugnat
2117 2778 2314 2828 Schott.
2332 2778 2526 2830 Gaesb.
2548 2782 2745 2844 Delph-

461 2863 467 2872 ·
522 2845 712 2894 Pitisc.
743 2848 905 2908 Agros
927 2862 1021 2910 pro
1043 2846 1207 2909 Argos
1229 2846 1561 2908 transpositis
1584 2847 1748 2894 literis
1772 2846 1929 2894 Fran.
1950 2852 2004 2893 et
2028 2853 2250 2906 uterque
2276 2844 2548 2895 Leid.-11
2588 2847 2744 2896 Deto-

524 2914 628 2959 ttcm
662 2912 933 2972 legebatur
971 2916 1092 2960 ante
1139 2912 1345 2961 Schott.
1386 2911 1563 2961 invitis
1599 2912 1733 2959 Mss.
1802 2908 1958 2958 Fran.
1993 2909 2301 2971 simpliciter
2339 2908 2523 2959 lutum.-
2555 2926 2739 2967 vocem

525 2975 775 3040 magnifice
808 2976 947 3025 idem
971 2977 1089 3025 cod.
1105 2977 1365 3026 extrudit.
1432 2975 1650 3038 Magais.
1672 2974 1904 3037 sepultum
1926 2978 1998 3023 est
2028 2974 2128 3023 Ed.
2149 2976 2360 3036 pr.-l2
2391 2977 2407 3000 ‘
2427 2975 2616 3025 Totum
2639 2978 2741 3026 hoc

525 3049 706 3103 caput,
728 3041 865 3104 quod
891 3041 1038 3091 abest
1063 3056 1095 3089 a
1114 3042 1271 3090 codd.
1304 3040 1395 3105 [ab
1412 3041 1513 3092 Ed.
1535 3054 1614 3104 pr.
1633 3046 1688 3088 et
1712 3038 1857 3103 Alth]
1882 3039 2086 3088 videtur
2106 3036 2394 3088 Arntzenio
2419 3046 2475 3088 et
2495 3039 2741 3091 Grunero

524 3118 593 3153 ex
615 3106 838 3169 Eutrop.
863 3119 929 3155 ιι.
952 3111 1001 3156 8.
1040 3105 1134 3171 (al.
1160 3105 1263 3169 14.)
1285 3120 1316 3155 a
1337 3105 1550 3156 librario
1572 3106 1845 3161 insertum,
1868 3111 1921 3154 et
1949 3103 2080 3155 falso
2103 3103 2386 3168 ascriptum
2404 3105 2631 3155 Victori.
2673 3105 2743 3157 V.

527 3168 757 3221 Gruner.
781 3171 848 3220 ad
870 3170 1107 3234 Eutrop.'
1140 3171 1289 3220 Harl.

1523 3265 1743 3318 NOTIE

590 3371 615 3397 ⁰
647 3365 732 3413 Ea.
769 3363 1030 3427 naufragio
1066 3367 1225 3416 relatu
1263 3364 1362 3429 ert]
1415 3365 1594 3417 Valer.
1674 3364 1748 3414 Et
1771 3363 1857 3412 alii
1880 3362 2052 3412 verius
2086 3363 2141 3412 iu
2177 3369 2482 3428 sequentem
2508 3362 2741 3414 Fabricii

523 3439 742 3489 Maxim.
757 3440 825 3490 de
848 3443 1091 3503 neglecta
1111 3443 1397 3505 religione:
1418 3442 1435 3472 ‘
1459 3443 1592 3493 Cum

526 3523 744 3571 onustus
780 3516 981 3567 nefaria
1018 3517 1197 3580 praeda
1223 3519 1517 3582 navigaret,
1542 3518 1593 3574 vi

525 3593 717 3643 subitae
758 3594 1091 3656 tempestatis
1132 3601 1247 3644 tota
1268 3609 1385 3645 cum
1423 3596 1591 3645 classe

526 3669 711 3719 vicinis
749 3671 874 3718 Deoe
910 3670 1175 3719 littoribus
1208 3672 1364 3722 elisus
1399 3678 1502 3734 est,
1538 3673 1591 3719 in

526 3744 716 3808 quibus
779 3745 1005 3808 pecunia
1046 3746 1317 3796 incolumis
1361 3754 1592 3810 reperta,

523 3821 839 3870 sanctissimi
862 3821 1084 3872 thesauri
1104 3822 1360 3873 custodiae
1379 3823 1592 3873 restitu-

529 3903 583 3946 ta
606 3896 725 3947 est!
1261 3946 1266 3952 .
1417 3913 1428 3922 ’

592 3981 620 4015 Ρ
663 3971 850 4038 Argos]
895 3975 961 4024 In
999 3975 1388 4040 Peloponneso.
1451 3973 1591 4024 Vide

525 4042 718 4100 Justin.
738 4050 773 4097 1.
796 4063 938 4102 κιν.
962 4066 1008 4102 c.
1029 4057 1077 4101 5.

591 4133 616 4159 ⁸
649 4125 866 4176 Secundo
882 4128 1073 4191 proelio]
1111 4126 1265 4179 Quod
1290 4126 1593 4191 P.Sulpitio

526 4202 837 4253 Saverrione
849 4212 906 4254 et
924 4206 1061 4253 Pub.
1087 4204 1258 4255 Decio
1273 4205 1429 4253 Mure
1445 4205 1596 4254 Coss.

528 4284 816 4339 pugnatum
864 4289 949 4329 est
993 4294 1129 4328 anuo
1184 4278 1428 4343 sequenti
1472 4287 1595 4343 post

524 4353 726 4403 Laevini
746 4369 986 4419 pugnam.
1054 4353 1157 4405 Sed
1176 4355 1305 4404 illud
1322 4355 1594 4409 Plutarch-

1674 3440 1996 3490 consulatum
2019 3439 2287 3502 rejiciunt.

1736 3515 1761 3550 ¹³
1791 3516 2054 3576 InterJecto
2087 3517 2236 3580 auno]
2276 3516 2443 3567 Immo
2481 3530 2619 3566 anuo
2655 3530 2737 3566 se·

1671 3594 1871 3658 quenti.
1918 3593 2162 3643 Ceterum
2183 3609 2296 3657 quae
2320 3600 2610 3657 sequuntur
2632 3608 2741 3644 om-

1669 3670 1758 3718 nia
1799 3667 1937 3732 apud
1981 3668 2291 3733 Eutropium
2336 3669 2520 3719 iisdem
2564 3670 2738 3721 verbis

1672 3748 1813 3810 leges
1841 3746 1934 3797 lib.
1957 3761 2020 3797 rr.
2045 3747 2122 3797 ita
2143 3755 2203 3798 ut
2227 3747 2442 3797 dubiu'm
2467 3750 2538 3800 sit
2555 3764 2622 3799 an
2635 3751 2740 3800 Eu·

1672 3823 1900 3888 tropium
1925 3822 2128 3885 Victor,
2149 3826 2232 3873 vel
2254 3825 2522 3876 Victorem
2549 3826 2739 3876 Eutro-

1674 3900 1792 3963 pius
1815 3899 2222 3963 transcripserit.

1738 3982 1762 4009 ⁰
1797 3975 1896 4031 Qui
1927 3975 2066 4039 prius
2103 3975 2234 4026 inter
2264 3977 2475 4042 legatos]
2509 3975 2608 4028 Ait
2643 3977 2737 4029 Fa·

1673 4052 1912 4108 bricium,
1939 4067 2056 4103 cum
2090 4052 2230 4102 inter
2263 4054 2463 4116 legatos
2490 4068 2522 4103 a
2547 4055 2741 4118 populo

1675 4130 1829 4180 Rom.
1849 4128 1917 4178 ad
1936 4129 2194 4193 Pyrrhum
2217 4130 2330 4194 ipse
2353 4131 2559 4193 legatus
2581 4131 2740 4182 etiam

1672 4203 2082 4267 interesset‚non
2100 4206 2329 4269 potuisse
2345 4206 2543 4255 moveri
2557 4215 2742 4270 quarta

1672 4282 1821 4347 regni
1845 4290 1996 4346 parte
2017 4282 2095 4331 illi
2119 4297 2151 4333 a
2172 4281 2378 4346 Pyrrho
2399 4281 2674 4346 promissa.
