3023 4942
501 385 632 450 348

1101 402 1330 451 sax'rr
1384 402 1710 451 Annam
1765 386 2156 454 vrc‘roms‘

503 547 905 624 obtulerant,
937 552 1355 630 verteratque
1382 546 1660 627 gratiam
1684 549 1976 612 muneris
1999 545 2025 584 ¹¹
2052 550 2119 612 in
2152 548 2518 632 perniciem
2548 571 2694 635 pos-

501 657 791 714 terorum
825 634 1301 714 dissimulatio.

1389 645 1693 713 Alteros¹
1725 648 2006 715 Marcus
2038 651 2432 715 Boioniusm
2485 654 2693 717 afflix-

500 760 650 815 erat
691 751 966 828 mulcta,
1000 749 1179 833 quod
1227 750 1706 833 Hipparchum
1751 754 2098 835 praestanti
2141 754 2414 835 ingenio
2458 756 2694 837 indige-

501 870 656 914 nam
703 851 918 916 fuisse
971 854 1520 934 ignoravissent.¹¹

1607 854 1918 919 Fiscales
1967 856 2294 921 molestiae
2317 863 2344 892 ⁰
2377 861 2697 923 -severius

500 973 797 1035 pressae3
845 965 1228 1039 cunctaque
1260 957 1491 1020 divino
1526 957 1694 1020 ritui·
1713 957 1904 1040 paria
1934 957 2333 1034 viderentur,
2366 960 2432 1022 ui
2466 979 2701 1043 parum

500 1057 720 1139 dignis
748 1058 834 1122 ad
863 1059 1186 1144 publicap
1239 1058 1495 1122 aditum
1529 1059 2016 1135 concessisset.
2102 1061 2214 1124 21.
2264 1059 2440 1138 Quae
2490 1082 2700 1145 quan·

501 1178 709 1241 quam
755 1161 1011 1242 saepius
1073 1160 1430 1236 aecidere‚‘¹
1488 1168 1711 1224 tamen
1766 1163 1835 1223 in
1884 1181 2144 1225 summo
2196 1164 2458 1245 ingenio
2499 1172 2702 1247 atque

500 1262 772 1345 optimis
823 1262 1214 1345 reipublicae
1263 1263 1586 1337 moribuS,
1631 1264 1941 1344 quamvis
1970 1283 2181 1346 parva
2225 1266 2411 1342 vitia,
2440 1265 2704 1329 elucent

497 1366 736 1446 magia,
766 1384 983 1448 eoque
1026 1371 1337 1429 notantur
1365 1364 1594 1443 facile;

1644 1366 1806 1447 quin
1853 1365 2058 1428 etiam
2090 1368 2313 1430 acrius
2343 1386 2528 1449 saepe
2559 1366 2702 1430 offi-

499 1467 708 1546 ciunt,
741 1488 895 1533 cum
927 1470 1016 1532 ob
1046 1470 1339 1534 auctoris
1360 1468 1565 1533 decus
1600 1468 1670 1530 in
1700 1470 1986 1534 virtutes
2014 1469 2444 1551 potissimum
2469 1479 2489 1506 ¹
2519 1471 2699 1535 acci-

1419 1635 1505 1655 000
1514 1634 1781 1655 eooueetae

495 1730 649 1779 onius.
695 1731 798 1781 Ubi
827 1735 1047 1799 Ceionius
1068 1734 1274 1798 quidam
1295 1736 1524 1796 malunt3
1562 1750 1661 1785 non
1684 1750 1890 1799 sequor.
1956 1734 2229 1797 Deinceps
2250 1732 2463 1795 gratiam
2491 1731 2704 1780 muneris

497 1810 747 1858 germana
766 1800 941 1862 lectio,
964 1808 1021 1849 ut
1040 1803 1241 1863 opinor,
1257 1814 1356 1849 uon
1392 1801 1686 1850 maneribus.
1713 1802 1795 1864 [ut
1822 1801 2024 1849 Schott.
2050 1798 2463 1859 Gaesb.·Delph.
2488 1797 2704 1859 Pitisc.]

498 1862 570 1909 Et
593 1876 710 1916 mox
730 1865 939 1912 severius
961 1879 1206 1928 repr-esse,
1221 1877 1549 1929 repugnante
1574 1869 1725 1923 libro.
1748 1866 1937 1914 excudi
1953 1865 2210 1927 jusseram
2229 1879 2244 1923 ;
2264 1864 2305 1911 si
2333 1877 2508 1923 operae
2537 1864 2702 1925 impe-

430 1968 445 1983 ,
499 1925 630 1973 rium
653 1926 1023 1989 accepissent.’
1055 1929 1245 1978 Schott.
1312 1932 1588 1980 Praeterea
1618 1946 1710 1994 pro
1738 1930 1900 1991 fuisse
1941 1929 2287 1990 ignor-avissent
2317 1926 2536 1976 Gruter.
2562 1927 2705 1990 conj.

487 1988 627 2049 suste
648 1991 1110 2053 igmmiuiaoissent.
1157 1994 1295 2044 Vide
1317 1994 1410 2044 inf.
1435 1996 1736 2045 casauboni
1761 1996 2239 2059 conjecturam—21
2269 1992 2393 2048 Qaoe
2411 2007 2701 2055 quanquam.

1488 2126 1706 2176 NOTAE

496 2222 651 2272 Rom.
693 2229 895 2272 tantum
936 2223 1038 2272 olei
1076 2222 1260 2286 detuli,
1304 2231 1552 2289 quantum

501 2314 676 2348 rerum
697 2304 879 2348 natura
905 2299 990 2348 vix
1015 2300 1231 2349 babuit?

498 2416 501 2421 .
559 2376 583 2410 ¹⁸
624 2378 927 2441 Verteratqae
953 2378 1168 2439 gratiam
1189 2379 1396 2427 muueris
1428 2378 1554 2443 [ma-

491 2455 708 2522 neribus]
758 2457 898 2518 Lege
922 2470 1041 2506 cum
1076 2456 1403 2513 casaubono,
1436 2456 1556 2507 Ver-

493 2540 707 2595 teratque
722 2537 936 2595 gratiam
971 2534 1182 2583 muneris
1215 2535 1355 2596 hujus
1376 2536 1427 2583 in
1447 2550 1555 2596 per-

494 2610 666 2658 niciem
685 2614 809 2672 post.
827 2610 945 2658 diss.
981 2608 1075 2659 Ait
1092 2609 1554 2678 posteriorum‘dis·

495 2687 878 2735 simulationem
923 2685 1142 2734 vertisse
1178 2688 1394 2748 gratiam
1444 2701 1552 2735 mu·

494 2763 633 2810 neris
657 2763 793 2811 illius
812 2762 861 2810 iu
884 2762 1200 2823 perniciem3
1236 2777 1352 2811 nam
1380 2770 1553 2825 poste-

493 2840 558 2897 ri,
577 2838 677 2887 hoc
713 2847 789 2886 est
812 2837 1158 2899 Imperatores
1180 2840 1267 2902 qui
1302 2840 1552 2889 Severum

492 2916 664 2964 secuti
694 2917 838 2976 sum,
859 2915 1238 2965 dissimulantes
1258 2917 1393 2966 hanc
1420 2931 1553 2979 prae·
1626 2959 1632 2968 .

490 2992 737 3040 bitionem
776 3006 805 3037 a
829 2991 1165 3052 Tripolitanis
1204 2994 1432 3055 gratuito
1459 2977 1553 3041 Se:-

493 3082 618 3116 vero
656 3067 812 3117 fuisse
849 3068 1093 3130 oblatam,
1135 3070 1280 3131 quasi
1323 3067 1553 3117 debitam

491 3146 714 3207 posthac
732 3152 1041 3206 exegerunt,
1063 3146 1380 3209 multumque
1394 3147 1553 3194 etiam

492 3219 840 3269 adauxerunt.

557 3293 571 3326 ¹
603 3292 822 3354 Alteros]
861 3293 1059 3342 Nicoeoe
1081 3293 1239 3344 cives.

554 3377 591 3403 ω
625 3370 819 3418 Marcus
853 3367 1110 3431 Boionius]
1143 3370 1354 3420 Marcus
1388 3370 1551 3421 Anto·

490 3449 643 3499 ninus
668 3446 1027 3508 Philosophus.

557 3534 581 3558 ¹¹
619 3526 759 3581 Quod
782 3523 1110 3585 Hipparchum
1138 3527 1395 3584 prestanti
1415 3526 1552 3587 iuge·

489 3604 572 3653 aio
612 3603 714 3650 iud.
741 3599 791 3659 f.
833 3601 926 3663 ig.]
959 3599 1088 3649 Quis
1134 3600 1317 3650 eredat
1357 3618 1552 3652 saevum

490 3680 624 3729 adeo
667 3677 839 3726 fuisse.
880 3676 1315 3739 sapientissimum
1361 3681 1553 3741 princi·

491 3769 636 3819 pum,
659 3767 725 3802 ne
762 3752 931 3801 dicam
969 3753 1208 3809 virorum,
1245 3761 1302 3802 ut
1336 3757 1408 3802 rei
1447 3763 1552 3804 tam

489 3832 622 3881 levis
676 3828 1018 3892 ignorantiam
1065 3837 1167 3876 tam
1213 3832 1359 3890 gravi
1400 3845 1555 3891 poena

489 3905 800 3969 castigaret?
834 3903 917 3952 An
946 3904 1261 3953 M.Tullium
1281 3906 1552 3970 quisquam

488 3985 774 4038 laudasset,
796 3981 838 4028 si
863 3980 1351 4044 reperto-Syracusis
1375 3997 1552 4030 monu-

490 4069 670 4109 mento
715 4054 1058 4110 Archimedis,
1103 4055 1239 4119 quod
1290 4056 1550 4119 indigenae

488 4137 692 4201 pridem
735 4133 1062 4195 ignorabant,
1117 4132 1321 4198 publice
1365 4133 1415 4181 in
1459 4149 1551 4183 eos

490 4220 772 4275 propterea
821 4209 1136 4271 postulasset
1178 4209 1551 4259 animadverti?

491 4290 559 4341 Id
601 4303 724 4339 vero
758 4301 859 4337 non
899 4286 1063 4336 minus
1106 4285 1251 4336 dictu
1292 4289 1548 4354 ineptum,

1637 2240 1790 2290 quam
1814 2223 1955 2274 factu
1972 2221 2218 2281 ,futurum
2242 2217 2422 2268 fnisset
2452 2219 2704 2283 iniquum.

1638 2302 1841 2351 Censeo
1883 2298 2213 2348 scribendum
2241 2295 2459 2355 fustibus
2489 2295 2700 2344 necavis-

1635 2383 1741 2427 ιω
1759 2393 1780 2436 ,·
1811 2378 1909 2433 ,vel
1935 2376 2234 2437 stratigotum
2270 2373 2566 2429 peccavissent
2583 2388 2604 2430 ;
2640 2379 2701 2422 ut

1609 2495 1616 2500 -
1636 2456 1858 2519 vestigia
1880 2457 2141 2505 literarum
2167 2452 2378 2516 propius
2400 2465 2699 2515 sequamur.

1643 2534 1850 2584 Casa-rb.
1918 2532 2253 2595 Hipparchus
2287 2537 2459 2578 autem
2485 2529 2699 2577 Nicoeus

1637 2605 1925 2676 astrologus
1962 2610 2095 2671 fuit;
2130 2608 2335 2671 scripsit
2370 2607 2422 2655 iu
2459 2606 2612 2655 Arati
2645 2612 2701 2656 et

1637 2691 1837 2740 Eudoxi
1883 2690 2242 2752 phoenomena.
2293 2694 2346 2734 et
2382 2683 2450 2731 de
2490 2683 2698 2746 syntaxi

1636 2768 1899 2817 stellarum
1923 2765 2174 2814 fixarum:
2209 2759 2385 2811 floruit
2400 2759 2499 2808 sub
2519 2759 2700 2808 Ptole·

1634 2857 1769 2891 maeo
1791 2839 2156 2902 Philadelpho.

1697 2926 1721 2951 ⁰
1754 2918 1967 2966 Fiseales
1987 2910 2255 2973 'molestioe'l
2289 2911 2378 2960 Sic
2418 2915 2572 2957 vocat
2608 2919 2700 2956 ex-

1635 2992 1887 3052 actiones,
1915 2993 2101 3057 quibus
2135 2989 2292 3038 fiscus
2327 2985 2577 3049 principis
2608 3000 2698 3035 au·

1636 3071 1892 3135 gebatur3
1942 3068 2035 3118 sed
2074 3067 2194 3115 vide
2232 3065 2427 3116 zosim.
2450 3063 2539 3128 qui
2573 3077 2698 3114 con-

1636 3148 1799 3197 traria
1823 3147 1977 3209 plane
2000 3143 2220 3192 scribit-

1627 3247 1636 3254 f
1700 3230 1728 3264 Ρ
1761 3223 1836 3271 Ni
1854 3235 2025 3285 parum
2051 3219 2217 3279 dignis
2246 3217 2309 3265 ad
2331 3214 2545 3279 publia]
2577 3213 2696 3264 Hoc

1634 3299 1701 3349 de
1723 3300 2013 3348 Constante
2051 3293 2383 3345 Constantini
2415 3290 2526 3341 filio
2563 3290 2696 3339 infra

1633 3375 1950 3437 Epitomists
1975 3386 2022 3420 :-
2058 3369 2151 3418 sed
2203 3368 2258 3416 in
2301 3367 2696 3417 Constantinum

1632 3461 1934 3515 competere
1971 3455 2118 3512 patet
2141 3460 2208 3495 ex
2234 3445 2429 3495 zosim.

1698 3538 1722 3571 a
1756 3529 1878 3583 Quoe
1932 3538 2198 3588 quanquam
2248 3521 2422 3582 mpius
2463 3518 2695 3581 accidere]

1635 3604 1767 3655 Mihi
1808 3604 1900 3651 bic·
1930 3599 2126 3663 aliquid
2164 3599 2347 3646 deesse
2385 3596 2617 3656 videtur,
2639 3603 2695 3643 et

1634 3695 1815 3730 sensus
1841 3678 2088 3727 ridiculus
2112 3671 2353 3724 efficitur.
2392 3670 2693 3733 Lego,Quoe

1632 3769 1897 3819 quanquam
1931 3752 2059 3801 haud
2081 3748 2257 3811 sapius
2292 3747 2521 3795 accidere.
2586 3744 2688 3793 Sed

1634 3833 1811 3881 forsan
1835 3828 2113 3890 intelligit3
2136 3840 2271 3888 quaa,
2290 3835 2584 3887 quanquam
2599 3821 2692 3869 sub

1633 3910 1750 3957 aliis
1771 3903 2092 3970 principibus
2112 3900 2300 3963 saepius
2331 3898 2593 3958 accidere,
2617 3905 2691 3946 ta·

1634 3999 1753 4034 meu
1776 3984 1941 4043 magis
1978 3981 2189 4028 elucent
2221 3977 2272 4024 in
2298 3975 2536 4038 principe
2557 3987 2690 4022 sum·

1634 4077 1718 4111 mo
1741 4060 1949 4123 ingenio
1971 4064 2027 4107 et
2048 4054 2261 4117 optimis
2285 4051 2536 4101 moribus.

1695 4145 1716 4171 ¹*
1741 4139 1862 4185 Cum
1883 4135 1940 4183 ob
1963 4133 2173 4183 auctoris
2190 4132 2330 4179 decus
2350 4129 2403 4180 in
2427 4128 2546 4177 virt.
2567 4125 2687 4189 pah]

1631 4214 1715 4263 Ita
1736 4223 1845 4263 est:
1886 4213 2014 4261 vitia
2036 4223 2213 4259 eorum
2238 4222 2366 4270 quos
2395 4214 2546 4254 extra
2570 4217 2685 4266 pec·

1629 4292 1780 4342 candi
1806 4291 1969 4340 aleam
1996 4287 2192 4352 positos
2210 4291 2471 4348 putamus.
2486 4279 2687 4343 gravius
