3023 4942
781 415 891 462 nn.
927 410 1365 462 cAEssmsus
1414 412 1583 460 cAP.
1635 413 1919 461 xxvm.
2307 398 2438 464 305

244 560 577 626 Orientem
611 557 1029 639 compositis,
1058 556 1465 638 conditoque
1498 556 1684 639 apud
1714 555 2040 621 Arabiam
2075 555 2435 643 Philippo-

244 665 427 747 poli⁶
461 659 742 744 oppido,
771 658 1056 722 Romam
1096 677 1367 721 venere:
1412 665 1893 740 exstructoque
1915 668 2105 723 ‘trans
2140 659 2438 726 Tiberim

243 765 419 841 lacu,
450 762 631 845 quod
668 780 815 827 eam
843 769 1100 844 partem
1133 780 1331 843 aquae
1358 761 1637 842 penuria
1659 758 2006 840 fatigabat,
2041 780 2279 826 annum
2310 760 2439 827 Ur-

243 869 348 932 bis
391 865 822 930 millesimum
857 862 1035 928 ludis
1082 862 1374 926 omnium
1428 882 1741 944 generum
1782 862 2167 927 celebrant.f
2245 866 2307 929 2.
2352 866 2442 932 Et

216 971 567 1053 'quoniam
618 973 904 1031 nomenss
977 964 1345 1040 admonuit,
1400 970 1631 1029 nostra
1689 983 1964 1047 quoque
2026 972 2442 1051 aetatepost

246 1070 458 1149 mille,
511 1063 969 1145 centesimus,¹¹
1009 1065 1283 1131 consule
1323 1064 1676 1148 Philippo,
1711 1067 2029 1146 excessit,
2075 1068 2299 1147 nulliS,
2341 1071 2441 1134 uti

246 1173 443 1250 solet,
476 1170 870 1238 solennibus
911 1169 1371 1252 frequentatus
1393 1164 1452 1234 :¹
1497 1168 1666 1232 adeo
1694 1169 1763 1231 in
1793 1169 1942 1232 dies
1976 1189 2136 1234 cura
2170 1173 2439 1236 minima

250 1274 578 1339 Romanae
607 1273 816 1339 urbis·
901 1271 967 1337 3.
1013 1269 1219 1350 Quod
1257 1267 1571 1353 equidem
1622 1268 2077 1335 denuntiatum
2119 1271 2235 1335 illo
2277 1281 2441 1337 tem·

248 1396 409 1457 pore
440 1375 771 1459 prodigiis
800 1375 1299 1457 portentisque:
1344 1392 1430 1436 ex
1459 1370 1615 1454 quis
1632 1364 1836 1435 unum
1861 1390 2229 1438 memorare
2256 1362 2445 1441 brevii

246 1477 435 1543 libet.
522 1480 588 1541 4.
636 1476 821 1541 Nam
862 1496 1017 1541 cum
1061 1473 1451 1557 pontificum
1504 1473 1656 1554 lege
1695 1474 1931 1539 hostiae
1983 1482 2446 1551 mactarentur,

253 1579 395 1642 suis
441 1585 634 1644 utero
680 1580 884 1643 maris
926 1578 1348 1643 foeminarum
1403 1576 1723 1657 genitalia
1774 1595 2165 1659 apparuere.
2251 1581 2315 1643 5.
2360 1577 2446 1643 ld

250 1679 644 1765 haruspices
703 1681 1108 1745 solutionem
1162 1676 1621 1762 posterorum*
1670 1677 2089 1760 portendere,
2150 1680 2445 1765 vitiaque

250 1779 389 1847 fore
411 1785 701 1868 potiora,
717 1783 1144 1867 interpretati.
1233 1782 1300 1845 6.
1347 1780 1559 1859 Quod
1585 1781 1974 1848 frustratum
2004 1785 2083 1847 iri
2108 1785 2450 1851 aestimans

1165 1945 1530 1969 ”numlffo

312 2046 449 2099 Car.
471 2060 683 2097 xxvtu.
739 2051 772 2097 2
793 2047 1056 2097 Centesimo
1078 2048 1263 2097 consule
1284 2053 1406 2097 ante
1432 2047 1635 2098 Schott.
1658 2047 2049 2111 legebatur.—6
2072 2049 2347 2100 ‘Meritorio
2371 2055 2453 2097 est

1243 2194 1459 2245 NOTAE

256 2308 403 2359 ninus
426 2309 703 2374 Philippus
721 2308 1024 2370 dicebatur-3
1062 2308 1150 2356 sed
1176 2315 1316 2369 post-

259 2400 407 2448 quam
430 2387 590 2451 patrii
618 2384 822 2450 imperii
855 2385 1119 2449 particeps
1146 2383 1319 2433 factus

1398 2309 1693 2444 lelsltlallis,
1708 2382 1783 2431 ati
1802 2384 1934 2439 solet,
1956 2380 2458 2444 solennibnssrequen-

258 2469 357 2525 est,
371 2463 576 2520 iisdem,
597 2463 708 2528 quis
724 2470 895 2526 pater,
910 2462 1199 2512 nominibus
1215 2462 1319 2511 dici

260 2547 479 2602 coeptus.

318 2613 342 2647 ‘¹
375 2616 547 2665 Samto
567 2614 620 2662 in
637 2615 923 2664 consortium
946 2614 1170 2678 Philippo
1177 2614 1316 2680 filio]

262 2689 512 2740 Zonaras:
539 2688 1098 2748 κοινονὺντῆςβασιλείας
1107 2690 1318 2755 ἐποίησε,

255 2766 534 2829 participem
553 2765 743 2828 imperii
753 2766 897 2825 fecit.
960 2768 1062 2816 Sed
1087 2767 1321 2816 Zosimus

262 2854 372 2890 eum
394 2851 596 2891 tantum
617 2842 875 2892 Caesarem
895 2842 1090 2892 factum
1108 2844 1318 2900 scribit:

261 2912 316 2962 ὃν
345 2915 491 2980 ἔτυχε
514 2918 582 2982 τῇ
605 2918 693 2966 τοῦ
717 2918 950 2982 Καίσαρος
972 2919 1077 2985 ἀξίᾳ
1101 2918 1325 2983 τιμήσας,

263 3007 394 3054 quem
417 2995 626 3044 Coesaris
646 2994 887 3056 dignitate
914 2997 1258 3058 honestaverat.

323 3077 347 3103 θ
369 3070 711 3134 Philippopoli]
735 3071 840 3121 Ubi
854 3072 978 3122 olim
996 3074 1186 3122 Bostra
1205 3072 1324 3122 urbs

266 3142 319 3191 in
350 3147 513 3196 sacris
548 3146 715 3195 literis
752 3147 1051 3209 notissima;
1090 3147 1322 3198 Idumeae

271 3231 446 3282 caput.

329 3296 351 3330 ¹
375 3300 569 3349 Annum
589 3298 721 3348 urbis
750 3299 1053 3348 millesimam
1075 3301 1321 3350 ladis’om-

267 3371 396 3421 aiam
419 3389 648 3436 generum
671 3375 932 3438 celebrant]
967 3376 1248 3439 Capitolia.
1271 3378 1324 3425 in

270 3445 532 3498 Gordiano
568 3450 756 3499 tertioz
797 3451 975 3500 ‘Nam
1011 3452 1182 3501 omnia
1215 3453 1326 3502 haec

271 3520 537 3589 Philippus
554 3524 812 3588 exhibuit,
829 3526 1148 3575 secularibus
1171 3526 1324 3583 ludis,

271 3604 324 3649 et
344 3605 646 3662 muneribus,
672 3612 831 3667 atque
854 3605 1187 3670 circensibus,
1208 3620 1327 3655 cum

271 3677 585 3729 millesimum
622 3680 687 3728 ab
718 3680 862 3729 Urbe
893 3681 1103 3730 condita
1138 3697 1327 3731 annum

272 3748 325 3798 in
357 3759 624 3806 consulatu
655 3769 767 3819 suo,
787 3764 842 3806 et
862 3755 955 3805 filii
978 3757 1079 3819 sui,
1098 3758 1326 3807 celebra-

274 3826 386 3876 vit?

337 3909 363 3946 8
396 3905 603 3969 Nomen]
638 3903 891 3970 Philippi.

338 3975 363 4010 ᾗ
396 3981 577 4030 Nostra
592 3995 769 4044 quoque
782 3986 926 4031 aetate
940 3987 1051 4045 post
1066 3982 1211 4040 mille,
1224 3996 1333 4033 cen·

278 4055 486 4121 terimus]
520 4060 614 4108 Ait
642 4073 736 4108 sua
765 4065 924 4109 aetate
955 4074 1143 4108 annum
1174 4059 1333 4109 Urbis

279 4136 634 4196 centesimum,
676 4143 801 4198 post
856 4135 1206 4199 millesimum,
1247 4151 1333 4186 ac-

281 4210 416 4270 tum3
447 4211 656 4280 consule
690 4210 959 4275 Philippo,
988 4213 1078 4277 qui
1110 4213 1189 4262 Fl.
1209 4212 1335 4261 Phi-

280 4278 446 4347 lippus
487 4286 760 4337 dicebatnr
775 4306 791 4351 ;
838 4290 1045 4354 collega
1096 4289 1175 4339 Fl.
1222 4289 1336 4339 Sal-

403 4367 578 4433 Daph.
592 4372 639 4419 et
662 4368 778 4419 Var.
800 4368 934 4422 Clas.

1399 2460 1555 2525 tatus]
1602 2458 1666 2509 A.
1703 2460 1769 2510 U.
1811 2463 1955 2510 noo.
1998 2458 2265 2522 neglectos
2299 2456 2459 2508 fuisse

1398 2538 1658 2586 seculares
1678 2538 1827 2586 ludos
1849 2537 2081 2602 queritur
2107 2537 2302 2585 Victor.
2357 2538 2459 2586 Eo·

1399 2627 1511 2662 rum
1554 2613 1787 2662 ludorum
1821 2613 1952 2662 inita
1982 2614 2181 2661 ratione
2215 2613 2301 2675 qui
2338 2612 2461 2660 Phi-

1398 2690 1555 2754 lippis
1578 2691 1952 2754 imperantibus
1974 2690 2080 2738 acti
2101 2695 2221 2739 sunt
2248 2703 2332 2737 an.
2359 2690 2461 2737 Ur·

1401 2768 1482 2816 bis
1520 2768 1811 2817 millesimo.
1894 2767 2129 2816 Zosimus
2169 2779 2290 2815 vero
2324 2767 2461 2816 Con·

1403 2842 1632 2893 stantino
1663 2853 1717 2893 et
1759 2844 1959 2893 Licinio
1994 2845 2207 2892 tertium
2242 2842 2462 2891 consuli·

1403 2919 1499 2968 bns
1524 2934 1610 2969 eos
1632 2920 1901 2982 neglectos
1926 2920 2074 2981 dicit,
2092 2921 2189 2968 hoc
2212 2927 2291 2967 est
2315 2919 2379 2968 A.
2398 2920 2464 2967 U.

1405 2999 1550 3044 1065.
1579 3002 1697 3057 post
1727 2996 1786 3044 C.
1811 2997 1879 3045 N.
1900 3000 2017 3044 313.
2040 3010 2142 3058 quo
2174 3009 2264 3044 eos
2296 2993 2465 3044 factos

1404 3072 1655 3134 oportuit,
1688 3070 1815 3119 inita
1848 3071 2047 3119 scilicet
2083 3070 2282 3119 ratione
2319 3069 2466 3118 ludo-

1400 3140 1517 3194 'rum
1540 3147 1628 3209 qni
1657 3159 1788 3193 anno
1808 3145 2118 3195 duodecimo
2150 3147 2329 3195 Severi
2362 3146 2469 3194 acti

1405 3232 1545 3280 sunt,
1570 3222 1729 3271 Fabio
1751 3222 1956 3285 Cilone,
1971 3221 2221 3285 Septimio
2238 3236 2300 3270 ιι.
2317 3230 2371 3270 et
2389 3222 2467 3271 Μ.

1408 3301 1579 3350 Annio
1612 3301 1807 3351 Libone
1841 3301 1990 3351 Coss.
2020 3298 2086 3349 A.
2109 3301 2176 3349 U.
2199 3305 2314 3348 956.
2349 3307 2472 3363 post

1406 3378 1468 3428 C.
1507 3381 1624 3430 204.
1700 3376 1807 3427 Sed
1845 3377 1988 3426 nulla
2026 3376 2164 3438 apud
2207 3376 2468 3426 Zosimum

1407 3454 1639 3518 Philippi
1677 3454 2017 3517 Imperatoris
2057 3453 2291 3503 ludorum
2326 3466 2470 3501 men·

1406 3531 1499 3592 tio,
1534 3546 1663 3595 quos
1699 3530 1900 3581 scilicet
1941 3530 2293 3593 praetermisit,
2332 3527 2468 3594 quod

1408 3614 1559 3655 extra
1586 3621 1730 3655 suum
1767 3613 1968 3669 tempus
1999 3605 2104 3654 acti
2128 3604 2295 3654 fuere.
2362 3604 2476 3652 No-'

1410 3681 1546 3732 tabis
1589 3682 1798 3731 interim
1838 3681 2160 3730 existimasse
2201 3679 2473 3729 Victorem

1410 3758 1559 3807 ludos
1621 3757 1879 3806 seculares
1931 3756 2215 3805 centesimo
2271 3769 2474 3820 quoque

1410 3846 1549 3882 anno
1579 3832 1666 3896 agi
1694 3832 1954 3886 debuisse,
1978 3832 2118 3896 quod
2147 3830 2332 3881 falsum
2356 3840 2471 3880 est:

1412 3922 1592 3957 eorum
1623 3908 1759 3958 enim
1792 3909 2017 3971 spatium
2051 3914 2259 3957 centum
2294 3916 2350 3957 et
2383 3909 2474 3955 de-

1413 3999 1529 4034 cem
1564 3997 1813 4032 annorum
1847 3998 1962 4032 esse
1999 3982 2204 4046 debuit,
2239 3983 2376 4049 quod
2409 3999 2476 4036 ex

1415 4059 1627 4108 zosimo
1648 4056 1803 4107 facile
1826 4059 2087 4121 probatur.

1479 4133 1504 4168 Β
1537 4134 1825 4185 Solationem
1837 4136 2156 4200 posterorum]
2179 4136 2240 4185 td
2260 4142 2357 4197 est,
2373 4133 2478 4183 dis-

1417 4212 1747 4276 solutionem,
1767 4227 1936 4263 mores
1963 4213 2238 4263 dissolutos
2258 4219 2313 4262 et
2333 4209 2479 4261 effoe·

1419 4289 1660 4339 minatus.
1697 4288 1879 4338 δώσει.

1232 4369 1400 4422 Aurei.
1430 4370 1560 4422 Vict.
2296 4368 2348 4416 U
