3023 4942
2424 430 2557 500 235

353 592 524 654 satis
573 596 717 656 tuta
766 591 1256 668 animadvertit,
1312 591 1666 675 imperium
1722 591 2119 674 complexus
2174 598 2301 672 est,
2356 596 2554 680 cujus

352 712 603 756 nomen
632 700 785 756 astu
817 690 1225 759 abnuebatzd
1270 693 1595 756 subdolus
1625 699 1695 757 et
1725 694 2074 771 occultior,
2102 693 2343 778 hisque
2369 718 2557 782 saepe

354 795 733 859 simulando
762 793 1084 872 infenSuS,
1115 813 1270 877 quae
1303 795 1601 857 maxime
1652 801 1947 878 cuperet,
1978 802 2044 859 et
2091 796 2410 862 insidiose
2443 800 2557 865 de·-

256 954 277 963 -
353 898 560 973 ditus,
583 918 736 980 quae
761 897 918 961 odio
941 916 1099 961 eran
1120 904 1171 977 t;
1215 899 1480 978 ingenio
1513 897 1601 961 ad
1629 898 1986 979 repentina
2007 897 2200 979 longe
2223 899 2474 961 acriore
2495 904 2556 977 ς’

350 1000 555 1063 bonis
586 999 795 1063 initiis
824 1001 999 1065 idem
1023 997 1493 1084 perniciosus}
1524 999 2022 1087 quaesitissimis
2040 1000 2107 1063 in
2130 1019 2392 1063 omnem
2416 1000 2554 1063 fere

349 1105 623 1165 aetatem
655 1120 1029 1185 sexumque
1059 1101 1493 1182 libidinibus;
1541 1109 1744 1185 atque
1786 1102 2075 1166 atrocius
2122 1103 2409 1185 puniens
2452 1105 2551 1166 in-

349 1207 639 1281 sonteS‚⁸
683 1222 845 1267 suos
873 1204 1123 1286 pariter
1147 1209 1613 1286 externosque.
1651 1202 1719 1268 2.
1764 1201 2007 1268 Adhuc
2026 1201 2052 1238 ¹²
2074 1203 2230 1267 dum
2264 1204 2461 1268 urbes
2488 1212 2556 1267 et

351 1312 730 1368 conventus
758 1313 1141 1383 execratur,
1188 1305 1487 1389 Capreas
1519 1302 1848 1370 insulam¹
1891 1286 2253 1389 quaesie'rat
2279 1304 2553 1386 flagitiis

348 1402 709 1470 obtentui.'‘
794 1406 858 1470 3.
894 1405 1120 1485 Quare
1155 1407 1400 1472 solutis
1426 1407 1681 1472 militiae
1712 1403 2014 1486 artibus)
2044 1407 2307 1491 direpta
2338 1407 2550 1491 plera-

989 448 1087 495 DE
1138 446 1576 496 CAESARIBUS
1625 446 1791 495 GAP.
1841 448 1926 496 11.

1266 1556 1565 1577 ‘eamne‘
1567 1557 1629 1580 &O
1659 1540 1662 1543 Ι

347 1635 577 1686 scribere
616 1639 849 1688 metuebat
889 1645 1020 1703 ante,
1060 1641 1196 1697 satis,
1230 1643 1314 1703 ξε.
1383 1641 1485 1691 Sed
1526 1649 1695 1690 tamen
1733 1647 1789 1691 et
1822 1645 2039 1703 recepta
2074 1643 2249 1700 potest
2289 1653 2346 1687 se
2379 1637 2554 1687 tueri!

344 1700 527 1751 Arntz.
590 1703 717 1752 Tum
740 1709 849 1753 astu
870 1704 1107 1754 obtinebat
1136 1706 1337 1755 Schott.
1360 1707 1553 1757 Gaesb.
1579 1706 1771 1769 Deipb.
1795 1706 1978 1756 Pitisc.
2044 1704 2179 1752 Vide
2205 1705 2331 1754 Not·
2357 1704 2553 1764 Delph.

345 1766 487 1815 Idem
512 1768 832 1829 perniciosas.-
873 1769 991 1817 vide
1030 1771 1154 1819 Not.
1180 1771 1369 1835 Delph.
1373 1777 1470 1821 —2
1502 1773 1636 1821 Post
1667 1776 1920 1821 conventus
1943 1769 2135 1819 habent
2158 1769 2308 1817 adnue
2331 1769 2551 1818 alterum

346 1831 405 1880 in
428 1834 572 1880 uncis
596 1834 799 1883 Schott.
825 1833 1022 1884 Gaesb.
1048 1835 1241 1897 Delph.
1267 1838 1448 1885 Pitisc.
1492 1838 1800 1887 alterutrum
1825 1835 2128 1890 tollendum,
2148 1835 2230 1882 vel
2265 1834 2403 1884 forte
2436 1836 2553 1882 adeo

344 1902 602 1945 execratur
632 1898 905 1959 legendum
946 1906 1097 1962 putat
1135 1899 1335 1951 Schott.
1397 1902 1644 1952 Bartbins
1674 1901 2050 1950 Adv.1.1v.13.
2083 1899 2298 1961 conjicit
2328 1915 2359 1947 a
2384 1899 2553 1947 Rhodo

345 1968 620 2011 execratur.
687 1963 842 2027 ‘Ego
865 1978 978 2012 cnm
1001 1965 1219 2015 Schotto
1245 1966 1528 2016 secundum
1551 1967 1705 2015 adbuc
1727 1965 1893 2022 deleo,
1917 1966 1990 2013 nti
2014 1965 2343 2027 negligenter
2373 1980 2403 2012 a
2432 1963 2551 2010 dor·

344 2025 545 2077 miente
569 2028 780 2076 librario
806 2029 1109 2092 repetitum,
1136 2031 1231 2080 nisi
1254 2046 1348 2096 pro
1370 2045 1432 2082 eo
1456 2032 1619 2081 mavis
1643 2030 1873 2081 scribere
1895 2028 2119 2080 adulter?
2148 2028 2330 2078 Arntz.
2334 2032 2428 2076 —3
2463 2028 2553 2077 So·

1338 2161 1554 2211 NOTAE

422 2254 733 2318 ⁸Privigno]
770 2255 1004 2320 Propter
1034 2257 1235 2307 Liviam
1270 2260 1413 2309 Dru·
1490 2259 1572 2307 nis
1594 2257 2019 2320 responsionibus
2044 2262 2133 2305 ant
2157 2255 2384 2304 consiliis
2406 2255 2551 2303 meli-

346 2327 514 2377 sillam
561 2337 781 2379 matrem
817 2346 980 2387 suam,
1009 2348 1125 2398 qnae
1171 2332 1409 2399 Angusto
1491 2348 1550 2382 or
1572 2348 1723 2397 quam
1755 2331 2053 2382 meditatis!
2119 2331 2194 2380 Ut
2227 2332 2443 2381 Sueton.
2467 2335 2552 2380 70.

343 2405 543 2469 nupsit.
608 2406 888 2470 Privignus
923 2410 1129 2460 dicitnr.
1150 2412 1238 2475 qui
1263 2420 1406 2461 ante·

341 2497 496 2546 qnam
542 2494 710 2534 mater
753 2487 982 2537 secundo
1037 2488 1277 2552 nuberet,
1325 2498 1408 2542 est

341 2562 670 2622 progenitus.

403 2633 428 2668 ¹²
451 2636 796 2701 Arrogatione]
817 2639 1131 2703 Adoptionis
1148 2642 1267 2692 dnae*
1287 2651 1408 2695 sunt

342 2713 564 2776 species,
601 2723 690 2763 aut
728 2730 823 2777 per
849 2726 1148 2780 praetorem,
1186 2726 1276 2767 ant
1313 2733 1407 2782 per

340 2790 609 2851 populum.
688 2792 796 2841 Per
841 2801 1118 2855 praetorem
1157 2795 1404 2859 adopti03

338 2879 438 2928 per
462 2867 708 2928 populum
742 2869 1005 2932 arrogatio
1045 2869 1275 2921 dicitur:
1311 2886 1406 2934 per

340 2942 611 3004 populum,
632 2943 733 2991 hoc
755 2950 838 2993 est
859 2959 954 3008 per
975 2947 1159 3009 popuii
1176 2948 1403 3010 rogatio·

336 3030 476 3066 nem.
512 3017 645 3066 Vide
687 3019 980 3070 Comment.
1014 3021 1177 3073 Jnris.
1197 3030 1253 3074 et
1277 3022 1398 3072 Gel-

337 3092 575 3143 linmlib.
599 3107 653 3142 v.
679 3108 802 3156 cap.
818 3099 899 3144 19.

401 3169 570 3225 Quae
603 3170 1005 3235 metuebantur-J·
1024 3173 1161 3223 Nam
1204 3179 1261 3223 et
1294 3187 1401 3222 ser-

336 3260 432 3300 vus
466 3244 720 3310 Agrippae
758 3248 999 3302 Clemens
1033 3251 1260 3306 nomine,
1296 3264 1400 3299 non

336 3324 772 3372 contemnendam
812 3339 1016 3375 manum
1056 3328 1110 3375 in
1149 3326 1400 3376 ultionem

335 3396 535 3446 domini
574 3407 865 3463 comparat,
904 3409 960 3449 et
1003 3402 1068 3451 1..
1101 3401 1401 3452 Scribonius

334 3472 470 3521 Libo
494 3472 570 3521 vir
599 3473 788 3525 nobilis
812 3489 893 3525 res
923 3491 1086 3527 novas
1121 3479 1253 3526 clam
1292 3492 1400 3527 mo·

333 3548 582 3609 liebatnr,
604 3558 659 3598 et
679 3548 875 3611 duplex
898 3551 1091 3601 seditio
1115 3552 1331 3604 militnm
1351 3553 1403 3601 in

330 3624 549 3688 Illyrico
572 3634 633 3675 et
671 3627 725 3676 in
756 3626 1040 3678 Germania
1073 3637 1258 3678 exorta
1285 3628 1404 3678 est?

331 3700 551 3750 sueton.
567 3702 617 3750 in
641 3703 755 3752 Tib.
775 3704 906 3753 Ner.
931 3708 1014 3753 25.

399 3776 422 3810 ⁶
455 3778 581 3828 Astu
601 3778 833 3828 abnuebat
862 3779 1152 3844 [obtinebat]
1189 3781 1293 3829 Vel
1330 3781 1399 3830 le·

333 3854 562 3917 gendum
583 3854 846 3912 abnuebat:
882 3864 940 3904 ut
958 3864 1014 3905 et
1040 3855 1209 3905 infra
1198 3871 1248 3905 m
1275 3856 1400 3919 Epi·

332 3939 461 3980 tom.
506 3931 668 3979 verbo
711 3931 1007 3982 ‘’abunere
1047 3941 1230 3983 auctor
1274 3948 1398 3983 usus

331 4014 418 4057 est
438 4022 450 4052 :
486 4007 571 4056 vel
591 4007 725 4067 cnjus
746 4007 933 4057 nomine
963 4014 1075 4057 astu
1098 4009 1366 4059 abstinebat
1378 4026 1400 4068 ;

333 4090 393 4131 nt
416 4082 613 4145 optime
636 4082 852 4132 Gruter.
915 4083 1092 4147 Magis
1116 4085 1293 4149 placet
1313 4084 1394 4134 ab·

330 4156 540 4207 nitebat:
576 4156 692 4205 vide
718 4157 936 4206 Sueton.
957 4173 1005 4207 c.
1029 4162 1111 4208 24.

397 4241 420 4268 θ
454 4232 657 4295 Ingenio
677 4235 742 4282 ad
762 4233 1011 4296 repentina
1032 4237 1173 4297 longe
1191 4237 1396 4302 acriore]

335 4310 585 4374 Explicat
626 4308 760 4359 infra
790 4310 1074 4374 Epitome:
1110 4312 1396 4379 ‘Repenti-

1488 2407 1876 2458 ‘Affcctatione
1932 2416 1988 2456 et
2032 2409 2337 2456 morositate
2391 2408 2553 2457 nimia

1489 2487 1799 2537 obscurabat
1836 2485 2051 2551 stylum,
2085 2491 2144 2540 ut
2184 2485 2447 2549 aliquanto
2482 2498 2551 2533 ex

1490 2570 1923 2627 tempore‚qnam
1964 2575 1995 2610 a
2034 2575 2179 2622 cura,
2216 2562 2552 2624 praestantior

1488 2638 1806 2690 haberetur!

1555 2715 1575 2750 f
1602 2716 1759 2766 Bonis
1778 2717 1937 2767 initiis
1958 2716 2081 2765 idem
2100 2714 2411 2778 perniciosus]
2450 2712 2552 2762 Le-

1488 2792 1716 2856 gendnm
1749 2793 1955 2854 putavit
1990 2792 2319 2841 doctissimus
2358 2790 2551 2842 Grute-

1485 2882 1575 2916 rus
1596 2868 1732 2917 bonis
1762 2868 1937 2924 initiis,
1958 2868 2066 2933 fine
2101 2868 2409 2930 perniciosus.
2475 2867 2551 2915 Ut

1486 2945 1633 3001 velit,
1656 2946 1922 3009 egregium
1944 2946 2052 2994 vita
2081 2943 2323 3007 famaque
2347 2941 2554 3008 imperii

1484 3022 1761 3085 principio,
1816 3022 1907 3070 sed
1945 3028 2207 3086 postremo
2251 3021 2302 3069 in
2347 3018 2550 3067 scelera

1482 3097 1926 3163 atquededecora
1959 3098 2272 3161 prorupisse.
2338 3095 2442 3145 Sed
2477 3097 2551 3144 nil

1482 3174 1823 3235 mutandnm3
1856 3187 2025 3237 neque
2046 3173 2276 3221 Victoris
2309 3185 2374 3220 ea
2406 3184 2548 3219 mens

1482 3257 1581 3299 est.
1648 3250 1796 3299 Dicit
1818 3249 1969 3298 bonis
2007 3248 2169 3298 initiis
2205 3246 2549 3311 perniciosum

1480 3323 1642 3374 fuisse
1665 3325 1951 3386 Tiberium,
1984 3324 2121 3389 qnod
2145 3325 2349 3373 civilem
2370 3323 2543 3373 admo·

1481 3401 1605 3451 dnm
1648 3402 1786 3452 inter
1841 3402 2008 3465 initia,
2061 3410 2117 3451 at
2172 3403 2329 3466 paulo
2382 3402 2549 3450 minus
2639 3433 2644 3440 ·

1480 3493 1635 3544 quam
1677 3480 1938 3544 privatum
1970 3479 2191 3542 agendo,
2228 3481 2303 3529 sic
2339 3479 2552 3543 perfidi-

1484 3570 1576 3606 ose
1599 3559 1846 3621 popnlnm
1873 3559 2022 3607 Rom.
2045 3557 2144 3607 sibi
2163 3558 2472 3608 conciliarit.

1548 3641 1575 3676 ⁸
1593 3634 1819 3684 atrocius
1829 3635 2029 3697 puniens
2039 3634 2271 3696 insontes]
2291 3634 2420 3696 Ejus
2434 3647 2549 3683 crn—
2581 3673 2585 3679 ,

1483 3708 1718 3762 delitatis
1758 3711 1998 3774 exempla
2042 3713 2166 3774 pete
2212 3725 2279 3758 ex
2334 3710 2548 3759 Sueton-

1481 3797 1642 3847 capp.
1663 3789 1745 3833 60.
1771 3792 1824 3833 et
1849 3790 1931 3834 61.

1546 3858 1573 3893 ¹²
1616 3860 1808 3923 Adhuc]
1848 3862 2056 3912 Victori
2095 3860 2352 3911 familiare
2391 3861 2545 3911 adhuc

1479 3948 1579 3999 pro
1599 3937 1780 3986 adhoec.

1551 4010 1801 4075 ¹Capreas
1836 4012 2067 4075 inulam]
2103 4012 2165 4060 In
2200 4011 2330 4060 mari
2354 4010 2544 4072 Tyrre-

1446 4093 1451 4096 ’
1479 4102 1565 4151 no,
1588 4103 1618 4137 e
1641 4087 1854 4153 regione
1876 4090 2111 4139 Surrenti
2131 4088 2428 4151 Campaniae
2454 4102 2545 4150 op·

1476 4164 1831 4303 Ριῗιὶῗὶαςίείίσ
1850 4241 2085 4303 obtentui]
2106 4239 2173 4292 Id
2198 4245 2300 4302 est,
2320 4247 2378 4289 nt
2401 4246 2546 4290 esset

1478 4317 1720 4370 obtentui
1743 4316 1956 4383 flagitiis
1980 4318 2083 4368 suis
2103 4334 2119 4378 ς
2156 4317 2209 4368 id
2232 4325 2331 4382 est,
2369 4325 2429 4368 ut
2453 4315 2545 4367 fla-
