3023 4942
436 333 569 397 440
1034 348 1264 397 snx'rr
1317 349 1645 397 Aunnmr
1700 348 2051 399 vrcroais

438 512 777 574 uxorum;
819 493 1068 576 quibus
1110 499 1483 566 contentus,
1538 495 1726 559 nulla
1777 495 2060 560 libidine
2101 502 2483 564 transversa
2531 510 2653 566 aut

435 596 685 679 injusta
718 597 1165 679 polluebatur.
1225 596 1335 661 20.
1369 596 1507 661 Sed
1540 615 1632 660 ex
1662 598 2290 681 conjugibuS,quas
2320 601 2652 684 plurimas

436 699 715 763 sortitus
761 704 889 777 est,
919 701 1268 784 praecipue
1302 699 1669 763 Eusebiam
1700 699 1962 778 dilexit,
1995 699 2313 767 decoram
2354 707 2651 789 quidem,

434 821 670 867 verum
722 821 841 885 per
886 800 1385 867 Adamantias‘¹
1429 809 1501 867 et
1527 801 1936 884 Gorgonias,
1975 809 2045 867 et
2092 805 2224 868 alia
2269 808 2653 889 importuna

433 903 852 970 ministeria*
899 913 1257 971 vexantem
1305 907 1558 969 famam
1609 906 1758 984 viri,
1812 913 2056 970 contra
2103 926 2305 990 quam
2356 909 2653 975 foeminis

433 1005 960 1071 modestioribus
999 1027 1150 1072 mos
1199 1012 1342 1080 est;
1403 1026 1689 1090 quarum
1739 1026 1927 1090 saepe
1973 1017 2325 1092 praecepta
2367 1012 2653 1075 maritos

423 1109 689 1192 juvant.
742 1109 851 1173 21.
884 1107 1202 1194 Namque
1232 1117 1305 1175 ut
1335 1115 1595 1175 ceteras
1625 1109 1957 1186 omittam,
1987 1110 2321 1193 Pompeia
2345 1111 2648 1188 Plotina,

434 1210 829 1275 incredibile
860 1211 1048 1276 dictu
1100 1220 1232 1290 est,
1262 1219 1523 1296 quanto
1554 1211 1824 1276 auxerit
1854 1212 2135 1294 gloriam
2165 1212 2486 1296 Trajani:
2532 1234 2648 1279 cn·

424 1313 544 1395 jus
575 1320 1043 1396 procuratores
1062 1321 1083 1352 ·
1113 1333 1269 1378 cum
1300 1314 1685 1398 provincias
1716 1314 2071 1377 calumniis
2095 1315 2451 1396 agitarent,
2476 1315 2651 1380 adeo

433 1420 510 1478 nt
534 1434 714 1479 unus
755 1435 842 1478 ex
884 1417 974 1480 iis
1027 1415 1362 1480 diceretur
1404 1416 1842 1499 locupletium
1880 1435 2215 1499 quemque
2255 1418 2355 1483 ita
2404 1438 2651 1483 conve⁶

430 1517 600 1596 nire,
664 1515 901 1595 Quare
951 1517 1248 1582 habes?t
1288 1517 1475 1595 alter,
1529 1516 1730 1581 Unde
1790 1517 2053 1582 habes?
2117 1521 2379 1597 tertiuS,
2428 1520 2648 1597 Pone,

432 1619 622 1700 quod
680 1619 932 1699 habes3
996 1620 1117 1684 illa
1162 1620 1516 1703 conjugem
1573 1620 1939 1703 corripuit;
2004 1629 2212 1703 atque
2260 1622 2650 1704 increpans,

430 1721 615 1805 quod
644 1721 866 1785 laudis
897 1741 1044 1784 suae
1076 1729 1255 1787 esset
1284 1723 1690 1799 incuriosuS,
1725 1723 1926 1786 talem
1955 1721 2267 1801 reddidit,
2300 1731 2379 1787 ut
2408 1732 2653 1806 postea

428 1823 829 1888 exactiones
880 1823 1230 1907 improbas
1288 1823 1691 1901 detestans,¹¹
1750 1824 1988 1887 fiscum
2026 1824 2271 1889 lienem
2324 1831 2648 1906 vocaret,⁸

430 1927 621 2011 quod
650 1946 732 1991 eo
760 1934 1135 2004 crescente,
1168 1935 1353 1991 artus
1381 1927 1627 2010 reliqui
1659 1926 2034 1991 tabescunt.

1364 2106 1733 2128 000000000000

429 2212 694 2271 temperans
728 2205 861 2255 eaed.
893 2221 1011 2256 cum
1045 2207 1363 2273 intemperans
1396 2211 1450 2259 in
1484 2210 1672 2269 priorr.
1709 2214 1917 2258 extaret
1938 2206 2189 2257 eda—20
2228 2208 2384 2265 Quasi
2411 2208 2654 2268 plurima·

430 2269 554 2321 Ald.
577 2288 693 2332 qnae
717 2286 835 2320 mox
858 2286 972 2321 cum
997 2273 1198 2323 Schott.
1221 2273 1414 2323 Gaesi».
1444 2275 1633 2339 Delph.
1659 2275 1843 2323 Pitisc.
1866 2272 1995 2336 legit
2012 2270 2273 2321 Amantia-s
2290 2287 2382 2336 pro
2399 2272 2650 2323 Adaman-

429 2340 545 2387 tius.
577 2338 692 2389 Jac.
732 2339 1021 2386 Durantius
1045 2339 1239 2387 mavult
1277 2341 1657 2389 amentiam—21
1694 2340 1710 2366 ‘
1741 2341 1876 2389 Um
1913 2353 1978 2386 ex
2008 2338 2101 2393 Itis,
2126 2352 2227 2388 non
2264 2353 2327 2388 ex
2363 2338 2446 2397 iis,
2468 2353 2650 2388 omnes

428 2403 632 2463 scripti,
667 2402 752 2466 qui
790 2415 909 2450 cum
947 2402 1069 2450 edd.
1099 2404 1398 2466 locupletium
1436 2419 1537 2454 non
1573 2405 1853 2468 locupletum
1888 2416 2232 2464 expressere:
2269 2417 2386 2450 nam
2420 2410 2652 2466 utroque

427 2467 585 2517 ruodo
608 2469 691 2517 hic
717 2467 978 2530 genitivus
1001 2471 1267 2518 terminari
1293 2468 1464 2519 solet!
1495 2469 1673 2519 Arutz.
1737 2473 1752 2498 ‘
1773 2468 2080 2531 Locupletum
2102 2483 2344 2530 quemque.
2414 2468 2652 2530 Locuple-

423 2533 663 2582 tissimum
685 2547 908 2597 quemque
930 2532 1283 2583 Veronensist
1312 2546 1368 2584 et
1404 2550 1527 2584 mox
1561 2534 1677 2582 ‹111ae
1695 2540 1858 2584 ‘voces
1880 2535 1942 2581 ad
1974 2547 2183 2581 mensam
2215 2547 2316 2582 non
2344 2533 2444 2582 huc
2482 2535 2653 2595 perti·

425 2607 585 2658 nent3
622 2598 917 2659 relegandae
939 2597 1137 2658 igitur:
1176 2600 1362 2648 absunt
1388 2601 1523 2648 enim
1550 2601 1602 2647 in
1626 2600 1756 2649 Μαι.
1780 2607 1835 2647 et
1862 2597 2169 2658 Veronensi,
2186 2598 2272 2660 qui
2295 2613 2441 2658 quare
2462 2595 2652 2649 habes?

422 2663 548 2711 alter
567 2665 691 2712 unde
712 2662 885 2712 habes?
916 2663 1090 2712 tertius
1107 2678 1226 2725 pone
1246 2668 1368 2727 quod
1385 2665 1529 2714 habes
1555 2663 1863 2728 praeferunt.
1932 2662 2157 2709 Rursum
2182 2661 2340 2710 laudis
2373 2677 2472 2710 suoe
2495 2663 2647 2713 „incu-

421 2726 611 2776 ria-sus?
645 2728 849 2777 Senon.
918 2733 933 2755 ‘
954 2727 1076 2784 Quae
1095 2728 1235 2777 habes
1265 2732 1330 2779 ad
1353 2744 1578 2784 mensam,
1614 2730 1806 2793 vulgo;
1840 2727 1986 2789 quod
2013 2727 2171 2775 etiam
2212 2725 2451 2776 defendit
2485 2726 2543 2777 J.
2582 2728 2647 2776 F.

425 2792 660 2842 Gronov.
688 2792 994 2841 Observatt.
1013 2806 1091 2841 tv.
1113 2797 1196 2842 24.
1233 2809 1284 2856 p.
1302 2798 1420 2843 797.
1442 2794 1527 2842 ed.
1554 2794 1693 2856 Lips.
1717 2802 1789 2850 at,
1815 2794 1935 2854 quia
1961 2806 2105 2841 vocc.
2151 2793 2215 2841 ad
2250 2806 2458 2840 mensam
2480 2792 2647 2840 omni·

424 2858 521 2906 bus
543 2858 735 2907 absunt
758 2857 1045 2914 codicibus,
1067 2864 1123 2907 et
1148 2859 1420 2907 semidocti
1451 2859 1663 2920 sapiunt
1688 2862 1932 2920 glossam,
1966 2858 2216 2906 Arutzen.
2251 2857 2399 2905 uncis
2435 2857 2646 2907 inclusit

424 2938 508 2984 ea,
529 2930 586 2980 et
611 2923 824 2971 Grnuer
846 2923 1001 2984 plane
1025 2922 1253 2972 delevit:
1292 2925 1379 2988 qui
1407 2932 1599 2986 praeter
1634 2940 1698 2974 ea
1732 2940 1762 2975 e
1799 2923 1952 2975 codd.
1985 2921 2257 2983 rescripsit
2288 2936 2435 2984 quare
2455 2921 2594 2970 habes
2610 2919 2653 2968 θ’

425 2987 578 3037 Harl.
643 2987 706 3036 In
733 2986 882 3037 Leid.
909 2989 961 3034 2.
991 2990 1056 3036 ad
1094 3002 1289 3037 menses.
1357 2989 1631 3038 Praeterea
1674 2990 1803 3038 Pone
1831 3005 1938 3052 quas
1967 2988 2111 3036 habes
2145 3000 2324 3035 omnes
2360 2986 2476 3035 aliae
2518 2985 2645 3035 edd.

423 3060 624 3115 praeter
661 3053 780 3115 Bip.
849 3052 1005 3113 Legit
1038 3052 1162 3102 Ald.
1199 3054 1323 3111 Quae
1343 3054 1484 3104 habes
1506 3057 1572 3103 ad
1593 3069 1808 3104 mensam
1834 3055 1959 3101 unde
1980 3052 2140 3108 habes,
2161 3051 2358 3100 tertium
2378 3065 2498 3113 pone
2518 3065 2647 3114 quoe,

422 3121 506 3181 ἃς.
571 3119 700 3166 Tum
743 3132 843 3166 suoe
886 3124 1007 3182 post
1049 3118 1207 3168 laudis
1252 3119 1302 3166 in
1348 3119 1557 3169 Schott.
1598 3119 1791 3169 Gaesb.
1832 3118 2021 3177 Delph.
2065 3116 2254 3164 Pitisc.
2298 3113 2650 3181 desideratur.

423 3183 637 3232 Deinde
651 3180 991 3232 Ald.Sehott.
1009 3182 1207 3232 Gaesb.
1230 3183 1417 3246 Delph.
1432 3185 1622 3234 Pitisc.
1643 3184 1838 3232 habent
1854 3181 2125 3243 improbans
2144 3184 2192 3227 et
2212 3182 2471 3230 detestans.
2516 3180 2531 3206 ‘
2547 3181 2655 3228 Ea·-

422 3254 521 3297 act.
550 3247 787 3311 improbas
806 3249 1050 3298 detestans
1073 3249 1385 3299 Veronensis
1407 3260 1461 3298 et
1482 3248 1667 3309 scripti
1703 3248 1841 3296 libri.
1908 3245 2029 3293 Vidi
2054 3245 2142 3306 qui
2179 3244 2423 3293 auctiones
2445 3259 2541 3302 pro
2561 3258 2651 3293 ex-

424 3314 638 3362 actiones
658 3314 999 3363 excuderent.
1068 3314 1207 3364 Indo
1223 3318 1348 3377 quod
1383 3329 1441 3363 ea
1474 3319 1715 3364 crescente
1743 3319 1881 3361 artus
1910 3310 2082 3372 reliqui
2113 3308 2399 3357 tabescunt.'
2433 3310 2647 3358 Schott.

426 3384 441 3406 ‘
462 3379 662 3426 Favent
688 3392 867 3427 omnes
904 3379 1093 3438 nostri,
1115 3388 1171 3428 et
1193 3394 1250 3427 ea
1271 3382 1507 3428 crescente
1528 3377 1710 3429 Guelf.
1730 3386 1784 3428 et
1809 3375 1959 3426 Leid.
1981 3380 2029 3426 1.
2056 3381 2114 3423 ut
2136 3373 2236 3423 lien
2259 3388 2454 3436 genere
2476 3372 2648 3424 foemi-
2681 3420 2682 3425 ,

427 3443 550 3492 nino
573 3443 813 3493 videatur
835 3442 1148 3507 usurpasse.’
1179 3443 1355 3494 Arntz.

1426 3588 1643 3638 NOTAE

490 3692 516 3726 ‘³
551 3682 867 3734 Adamantius
911 3683 1215 3747 [Amantius]
1270 3685 1400 3734 Mss.
1438 3692 1497 3736 et
1581 3689 1782 3733 ratores
1833 3680 1967 3743 fisci,
2016 3685 2383 3743 procuratores
2430 3678 2647 3729 Caesaris

427 3758 748 3808 Veronensis
781 3759 866 3808 ed.
892 3761 1222 3809 Adamantius.
1580 3761 1730 3809 dicti.
2631 3806 2634 3811 ,

493 3843 514 3870 ¹
546 3837 824 3900 Importuna
868 3837 1156 3899 ministeria]
1211 3837 1497 3891 Ministeria
1645 3837 1843 3901 {Quare
1876 3832 2053 3886 babes?
2084 3833 2233 3897 [Quoe
2262 3830 2405 3880 habes
2426 3832 2490 3879 ad
2511 3846 2643 3883 meur

429 3927 527 3976 pro
564 3921 579 3943 ⁸
604 3911 887 3962 ministris.’
931 3919 944 3940 ‘
972 3911 1348 3975 Importunas?
1383 3915 1496 3974 dira
1576 3913 1701 3975 sam]
1738 3914 1800 3960 ln
1822 3912 1955 3960 Mss.
1985 3920 2041 3960 et
2062 3909 2354 3958 Veronensi
2376 3907 2463 3957 ed.
2488 3908 2647 3964 Quare

429 4000 486 4041 et
507 3998 657 4040 atrox
687 3991 995 4055 appellatio,
1020 3991 1107 4054 qui
1132 4004 1304 4053 neque
1324 3992 1495 4056 quies·
1577 3990 1720 4039 hahes
1733 3995 1758 4038 P
1785 3991 1909 4038 alter
1929 3989 2053 4038 unde
2072 3986 2324 4048 habenae.
2359 3985 2463 4034 Sed
2485 3987 2645 4034 altera

429 4066 520 4120 cit,
544 4080 710 4128 neque
736 4066 862 4114 alios
888 4065 1011 4113 sinit
1036 4065 1327 4128 quiescere.
1440 4106 1443 4109 .
1480 4110 1483 4119 ‚
1577 4067 1736 4131 lectio
1773 4072 1914 4115 stare
1953 4070 2158 4127 potest:
2192 4062 2311 4110 vide
2343 4062 2398 4113 J.
2426 4062 2486 4110 F.
2511 4063 2645 4111 Gra*

493 4149 511 4174 ⁸
543 4139 915 4202 Procuratores]
967 4139 1070 4191 Qui
1117 4139 1368 4189 fiscalium
1415 4155 1495 4188 re·-
1574 4143 1788 4206 noviura
1822 4141 2110 4190 Observat-
2140 4153 2223 4188 lv.
2258 4139 2343 4191 24.
2377 4138 2429 4185 in
2460 4138 2477 4166 ⁴
2501 4151 2640 4186 men·

428 4231 538 4265 rum
565 4216 984 4278 procurationem
1009 4215 1289 4278 gerebant,
1310 4230 1496 4279 procu·
1575 4219 1647 4270 sis
1666 4217 1681 4240 ’
1735 4218 1874 4268 enim
1914 4215 2173 4280 pecunia
2223 4213 2643 4277 reponebantur,
