3023 4942
454 376 586 443 432

455 536 697 601 diebus
744 534 993 601 ibidem
1025 536 1495 603 Constantium
1527 544 1868 622 parentem
1897 538 2045 604 fata
2072 538 2309 604 ultima
2351 558 2657 624 perurge-

452 641 638 703 bant.
726 639 793 703 3.
838 638 995 717 Quo
1024 646 1312 718 mortuo,
1368 642 1630 706 cunctis
1677 643 1794 724 qui
1840 641 2121 706 aderant
2166 642 2658 719 annitentibus,

454 742 573 806 sed
635 742 985 825 praecipue
1046 742 1294 820 Eroco,
1352 743 1830 808 Alamanorum
1899 741 2105 825 rege,¹’
2154 744 2392 807 auxilii
2441 745 2659 826 gratia

452 843 923 908 Constantium
973 845 1320 921 comitato,
1353 846 1708 927 imperium
1756 846 1967 927 capit.
2052 846 2124 909 4.
2168 845 2311 910 Hic
2364 866 2659 912 sororem

449 965 647 1009 suam
676 944 1141 1010 Constantiam
1197 946 1459 1011 Licinio
1505 945 1962 1012 Mediolanum
2004 949 2238 1013 accito.
2275 948 2657 1032 conjungit:

447 1046 802 1130 filiumque
834 1068 1030 1111 suum
1063 1047 1374 1130 Crispum
1406 1049 1840 1127 nomine,⁸‘ex
1867 1050 2247 1114 Minervina
2278 1052 2660 1115 concubina.

410 1143 417 1152 '
450 1158 871 1231 susceptum,
891 1151 1048 1213 item
1071 1149 1614 1225 Constantinum,
1636 1150 1873 1215 iisdem
1895 1152 2134 1215 diebus
2153 1157 2380 1218 natum
2399 1151 2658 1235 oppido

447 1249 1476 1335 Arelatensi,Licinianumque,
1539 1250 1787 1317 Licinii
1858 1252 2094 1329 filium,
2139 1254 2459 1317 mensium
2521 1253 2657 1316 fere

450 1352 705 1434 viginti,
746 1352 1054 1418 Caesares
1103 1351 1341 1417 effecit.
1429 1354 1495 1416 5.-
1539 1351 1802 1417 Verum
1850 1353 2029 1417 enim
2060 1373 2222 1418 vero
2261 1363 2341 1418 ut
2376 1354 2659 1436 imperia

447 1454 715 1519 difficile
747 1455 1173 1520 concordiam
1205 1454 1605 1531 custodiunt,
1649 1455 2015 1519 discidium
2034 1450 2084 1490 ‘¹²
2115 1457 2287 1519 inter
2316 1454 2658 1518 Licinium

447 1555 1094 1641 constantinumque
1154 1559 1508 1621 exoritur:
1588 1557 2013 1641 primumque
2072 1558 2258 1641 apud
2316 1557 2592 1622 Cibalas
2633 1564 2696 1591 θ’

436 1658 644 1742 juxta
674 1659 978 1743 paludem
1010 1660 1342 1723 Hiulcam
1376 1659 1667 1736 nomine,
1698 1659 2147 1725 Constantino
2190 1665 2395 1725 nocte
2426 1667 2657 1725 castra

443 1760 691 1826 Licinii
735 1763 1163 1847 irrumpente,
1198 1761 1499 1826 Licinius
1532 1762 1761 1844 fugam
1793 1763 2031 1847 petiit3
2077 1756 2662 1848 Byzantiumquef
2691 1781 2696 1786 ’

1057 391 1284 442 SEX'H
1335 394 1660 444 Ammon
1712 393 2067 445 vlc'roms

1366 1923 1458 1944 000

1707 1923 1739 1944 O

441 2024 901 2150 {lilgfapflgziiotn
927 2090 1073 2141 Leid.
1099 2100 1340 2153 uterque,
1363 2099 1417 2139 et
1442 2089 1564 2140 Ald.
1600 2093 1688 2155 qui
1716 2106 1834 2140 mox
1821 2041 2017 2140 pbabet
2039 2090 2384 2139 comitam—4
2418 2088 2656 2139 Mediola-

438 2155 574 2204 nium
598 2156 722 2204 Man.
746 2171 829 2215 ap.
846 2156 1050 2204 Schott.
1077 2170 1194 2204 cum
1221 2154 1396 2204 Guelf.
1421 2165 1475 2205 et
1498 2155 1645 2205 Leid.
1670 2160 1716 2205 1.
1751 2157 1837 2219 qui
1863 2170 2040 2205 omnes
2066 2170 2183 2203 cum
2219 2153 2340 2202 And.
2375 2168 2492 2202 mox
2528 2153 2657 2201 idem

442 2234 537 2281 pro
560 2221 695 2269 item
709 2221 922 2270 habent.
985 2221 1114 2270 Tum
1152 2221 1321 2268 iisdem
1361 2234 1454 2284 pro
1488 2221 1671 2269 hisdem
1710 2220 1915 2270 Schott.
1951 2220 2145 2269 Gaesb.
2180 2219 2369 2281 Delph.
2401 2217 2658 2267 Pitisc.--

439 2291 470 2333 6
505 2285 777 2333 Dissidium
798 2285 921 2334 edd.
950 2293 1072 2334 ante
1094 2285 1298 2333 Schott.
1324 2294 1378 2334 et
1399 2284 1521 2332 Aia.
1586 2286 1936 2335 ‘Veronensis
1958 2284 2195 2334 discordia
2214 2297 2459 2332 excusum
2474 2282 2658 2343 habet,

440 2357 497 2397 ut
530 2349 892 2398 ‘concordiae’
923 2352 1090 2398 altera
1113 2366 1177 2399 ex
1200 2359 1352 2413 parte
1378 2349 1709 2413 respondeat.
1779 2350 2114 2412 Augustanus
2139 2349 2269 2398 liber
2292 2363 2446 2409 supra
2460 2346 2661 2423 difficile

435 2415 806 2464 cumeoncordiu
821 2409 1188 2465 custodiuntur.-
1211 2429 1313 2463 non
1332 2416 1482 2462 male.
1546 2416 1634 2465 Sic
1655 2415 1984 2480 Liciniumque
2003 2423 2247 2478 corrupte
2271 2412 2537 2476 Gryphius
2557 2425 2659 2475 pro
2695 2443 2698 2446 >

438 2479 873 2545 Licinianumquess
906 2481 1113 2531 Schott.
1194 2480 1345 2530 Infra
1393 2481 1625 2531 Vulcam
1617 2496 1737 2545 pro
1773 2482 2020 2533 Hiulcum
2053 2490 2217 2530 vetus
2249 2479 2522 2542 exemplar
2564 2492 2658 2541 ap.

866 2026 1029 2075 Situm
1051 2025 1336 2088 interponit
1359 2024 1483 2075 Ald.
1508 2032 1564 2074 et
1587 2024 1763 2075 Guelf.
1785 2041 1852 2088 ap
1857 2024 2169 2076 ‚Arata—8
2209 2025 2360 2073 Croco
2381 2037 2476 2088 pro
2501 2024 2660 2071 Eroce
2683 2050 2697 2058 -

1438 2625 1657 2676 NOTAE

499 2736 526 2771 δ
559 2738 728 2794 Erum,
763 2739 1106 2789 Alamanni-um
1144 2741 1283 2805 rege]
1345 2739 1503 2790 Hunc

433 2812 450 2841 ⁸
477 2814 700 2864 Crocum
720 2815 735 2838 ’
770 2817 857 2865 alii
893 2826 1117 2877 vocant;
1150 2825 1205 2867 et
1245 2820 1394 2866 Croco
1428 2819 1502 2866 le·

436 2890 578 2954 gitur
600 2892 652 2939 in
674 2891 808 2940 Mss.

499 2973 522 3000 ⁶
555 2965 824 3031 Filiumque
863 2982 1000 3016 suum
1037 2968 1261 3030 (Ji-ispum
1291 2968 1504 3033 nomine]

436 3042 631 3092 Zosim.
657 3046 1013 3093 Κωνσταννῖνος
1023 3043 1112 3106 μὲν
1122 3044 1373 3104 καθίστησι
1389 3044 1503 3093 Καί

433 3135 559 3182 capa
591 3120 799 3182 Κρίσπον
838 3122 893 3170 ἐκ
918 3123 1172 3180 παλλακῆς
1198 3123 1324 3184 αὐτῷ
1357 3139 1502 3184 ’γεγο-

433 3194 552 3245 νότα
575 3196 859 3258 Μινερβίνης
876 3197 1037 3258 ὄνομα,
1053 3199 1141 3257 ἤδη
1163 3199 1349 3248 νεανίαν
1370 3199 1501 3256 ὄντα,

432 3272 513 3324 καὶ
526 3275 903 3331 Κωνσταντῖνον,
924 3276 979 3325 οὗ
999 3280 1091 3337 πρὸ
1108 3279 1304 3326 πολλῶν
1320 3276 1503 3337 ἡμερῶν

432 3350 485 3398 ἐν
498 3348 739 3412 Ἀρελάτῳ
750 3351 1002 3412 τεχθέντα·
1017 3352 1339 3402 ἀναδείκνυται
1353 3352 1402 3402 δὲ
1414 3353 1504 3401 σὺν

433 3414 593 3476 αὐτοῖς
626 3429 812 3490 Καῖσαρ
841 3426 921 3476 καὶ
954 3429 981 3475 ὃ
1003 3429 1208 3477 Λικινίου
1235 3432 1346 3478 παῖς
1375 3436 1516 3479 Λικι-

433 3501 605 3559 νιανδς,
634 3502 699 3553 εἷς
731 3502 945 3553 εἰκοστὸν
977 3506 1219 3567 προελθὼν
1245 3509 1394 3568 μῆκος
1413 3509 1502 3566 τῆς

431 3577 635 3636 ἡλικίας·
672 3579 724 3627 id
756 3587 856 3640 est,
893 3581 1239 3631 Constantinus
1262 3585 1501 3634 Coesarem

346 3646 353 3653 ’
430 3657 552 3705 dicit
581 3656 804 3719 Crispum
838 3673 900 3706 ex
934 3659 1192 3708 concubina
1226 3663 1503 3713 Minervium

430 3732 618 3782 nomine
649 3739 833 3796 natum,
849 3733 958 3794 jam
988 3738 1323 3786 adolescentem
1337 3754 1358 3795 ,·
1388 3738 1505 3787 item

354 3863 360 3869 ,
436 3811 803 3860 Constantinum
841 3816 953 3860 aute
989 3828 1083 3861 ιιοιι
1118 3814 1285 3861 multos
1316 3814 1502 3863 dies‘iu

430 3884 708 3935 Arelatensi
739 3886 908 3948 oppido
943 3892 1122 3936 uatum.
1194 3889 1313 3937 Cum
1334 3890 1503 3939 iisdem

433 3962 601 4010 Coesur
631 3962 913 4024 designatus
948 3964 1133 4013 Licinii
1149 3965 1294 4029 filius
1317 3965 1498 4013 Licini·

428 4053 546 4089 unus
581 4040 663 4103 qui
684 4039 793 4098 jum
824 4039 1107 4101 vigesimum
1127 4046 1318 4090 tautum
1337 4042 1500 4092 atatis

427 4115 554 4163 diem
595 4114 847 4177 attigerat.
915 4114 1057 4165 Male
1098 4118 1375 4181 interpres,
1417 4120 1499 4182 qui

315 4234 323 4240 ,
413 4191 524 4250 jam
553 4194 715 4243 aetatis
741 4208 919 4242 anuum
942 4194 1221 4258 vigesimum
1252 4194 1498 4258 ingressus

430 4272 555 4318 erat.

1648 2740 1673 2775 ‘¹
1705 2741 1979 2791 Discidium
2022 2740 2321 2805 [dissidium]
2370 2737 2562 2788 Melius
2599 2737 2656 2786 in

1583 2818 1714 2868 Mss-
1735 2820 2006 2879 discidium,
2023 2818 2164 2883 quod
2185 2815 2580 2867 distractionem
2599 2821 2660 2862 et

1582 2893 1861 2944 divortium
1932 2894 2214 2958 aliquando
2286 2890 2569 2954 significat,
2623 2905 2657 2939 ι

1583 2969 1944 3032 discindendo,
1995 2969 2047 3019 id
2088 2978 2170 3018 est
2214 2966 2543 3025 dirimend03
2591 2971 2656 3014 ut
2684 2982 2696 2992 ·

1582 3047 1600 3075 ‘
1634 3047 1929 3097 excidium’
1970 3047 2035 3096 ab
2076 3045 2419 3096 excindenda·
2489 3044 2658 3093 Dissi-

1582 3125 1714 3174 dium
1747 3139 1870 3173 vero
1905 3124 2297 3184 dissensionem,
2332 3136 2365 3171 a
2398 3120 2658 3171 dissiden-

1584 3200 1683 3263 do;
1705 3201 1833 3250 illud
1849 3201 2104 3264 corporis,
2116 3199 2214 3248 hoc
2228 3199 2402 3267 animi.
2435 3199 2653 3247 Terent.

1585 3280 1751 3328 Andr.
1788 3288 1895 3329 act.
1940 3292 2016 3327 ιν.
2051 3291 2123 3326 sc.
2154 3282 2204 3327 2.
2253 3283 2269 3305 ‘
2293 3276 2520 3324 Valeant
2561 3276 2656 3339 qui

1583 3357 1722 3406 inter
1747 3371 1840 3406 nos
1864 3355 2135 3406 discidium
2152 3352 2383 3403 voluntz’
2404 3353 2490 3401 ubi
2515 3353 2682 3409 male·

1584 3431 1822 3498 quaedam
1846 3431 1967 3481 edd.
1991 3431 2185 3480 habent
2203 3428 2470 3478 dissidium.

1647 3511 1844 3596 estpud
1883 3506 2101 3569 Cibalae]
2136 3506 2331 3556 Cibalae
2354 3506 2436 3555 vel
2459 3503 2656 3554 Cibalia

1581 3585 1706 3636 urbs
1737 3585 1787 3633 in
1829 3584 2124 3644 Pannonia,
2162 3597 2265 3631 non
2303 3582 2455 3645 longe
2481 3595 2511 3628 a
2544 3579 2655 3629 Sir·

1583 3662 1728 3712 mio·
1715 3697 1729 3712 .
1761 3660 1889 3709 ibi‘
1915 3661 2060 3722 palus
2098 3656 2345 3718 Hiulca‚’
2380 3657 2464 3706 vel
2499 3662 2560 3706 ut
2598 3654 2654 3703 in

1585 3746 1694 3788 vet.
1731 3739 2015 3801 exemplari
2047 3737 2211 3787 Vulca.
2286 3733 2423 3784 Vide
2454 3733 2654 3783 Zosim.

1585 3815 1672 3880 qui
1699 3814 1864 3864 iocum
1890 3811 2158 3861 describit.

1597 3886 1602 3891 ’
1653 3888 1675 3921 f
1690 3886 2097 3953 Byzantiumque]
2122 3886 2226 3936 Hic
2243 3884 2511 3935 historiam
2528 3897 2655 3933 con-

1581 3965 1762 4015 turbat
1793 3964 2127 4028 Epitomista.
2191 3962 2329 4012 Nam
2366 3967 2485 4025 post
2521 3974 2655 4022 pug-

1579 4054 1699 4089 nam
1737 4039 1802 4088 ad
1843 4039 2052 4089 Cibalas
2093 4039 2282 4088 iterum
2326 4037 2380 4085 in
2424 4034 2652 4084 Thracia

1584 4131 1758 4180 pugna
1776 4115 2074 4165 commissa.
2098 4123 2372 4179 postquam
2392 4127 2495 4177 pax
2514 4111 2654 4160 inter

1582 4193 1935 4256 Imperatores
1952 4189 2130 4253 facta3
2164 4206 2267 4254 qua
2290 4197 2410 4255 post
2441 4195 2652 4251 septen·

1579 4270 1722 4323 nium
1761 4269 2006 4335 diremta,
2040 4269 2108 4321 ad
2143 4268 2327 4319 arbem
2358 4264 2651 4317 Hadriano-
