3023 4942
2436 398 2569 467 208

354 562 771 640 postremum
820 557 984 635 dux,
1008 557 1266 622 bellum
1328 556 1685 622 adversum
1739 556 2095 622 Romanos
2151 558 2416 634 sumsit,
2456 577 2569 623 eo-

275 658 289 668 ’
360 678 646 743 rumque
695 659 1164 742 imperatorem
1194 658 1557 724 Claudium
1606 659 2072 738 Unimanum‚0
2118 659 2269 724 dein
2309 658 2392 724 C.
2440 659 2512 723 N
2516 661 2569 724 i·-

355 761 621 844 gidium
643 757 673 798 ‘¹
711 763 1076 845 oppressit.
1167 762 1233 825 2.
1279 760 1534 827 Pacem
1568 781 1611 826 a
1639 764 1899 846 populo
1945 760 2253 826 Romano
2280 768 2304 798 ⁶
2334 762 2573 828 maluit

357 864 615 945 integer
642 871 888 946 petere,
919 884 1117 949 quam
1149 866 1408 930 victus:
1456 871 1526 929 et
1556 884 1708 929 cum
1742 864 1879 929 alia
1908 859 2264 941 dedisset,f
2289 869 2357 927 et
2386 882 2572 928 arma

354 966 818 1042 retinerentur,
843 966 1092 1031 bellum
1112 962 1482 1032 renovavit.
1564 967 1630 1031 3.
1665 965 1906 1050 Caepio
1923 975 1950 1013 ⁸
1978 986 2135 1031 cum
2156 967 2427 1031 vincere
2446 965 2571 1029 ali-

358 1073 465 1131 ter
492 1086 627 1131 non
654 1076 918 1152 posset,
947 1069 1119 1133 duos
1140 1068 1470 1134 satellites
1498 1070 1801 1153 pecunia
1842 1069 2110 1152 corrupi
2121 1075 2167 1146 t,
2197 1069 2316 1153 qui
2345 1067 2571 1132 Viria-

356 1168 547 1232 thum
607 1171 790 1233 humi
847 1170 1232 1253 depositum
1250 1167 1277 1205 ¹¹
1332 1179 1776 1254 peremerunt.
1891 1174 1961 1236 4.
2030 1171 2209 1251 Quae
2267 1171 2570 1249 victoria,

357 1271 520 1354 quia
551 1278 729 1337 emta
759 1278 922 1350 erat,
951 1293 997 1337 a
1027 1279 1265 1338 senatu
1294 1293 1426 1336 non
1456 1274 1765 1358 probata.

765 413 864 463 DE
914 408 1122 463 V1R18
1172 413 1688 463 ILLUS'rmnus
1739 416 1904 463 GAP.
1953 414 2178 464 Lxxr.

1281 1452 1649 1473 MOMO

357 1563 590 1617 Gallien.
628 1580 677 1615 e.
707 1571 757 1618 3.
789 1580 944 1617 sensu
977 1581 1104 1618 vero
1144 1568 1365 1618 eodem.'
1398 1569 1543 1620 Harl.
1608 1571 1732 1620 Dux
1755 1570 1954 1620 omittit
1979 1569 2079 1619 Ed.
2101 1582 2182 1632 pr.
2247 1568 2263 1596 ‘
2284 1568 2573 1617 Unimanum

354 1630 726 1744 gufflttze-lli'itiri
765 1632 1280 1745 antiquiElgsumanum
1303 1642 1359 1748 el}
1382 1634 1679 1749 Nmffffi‘q!
1704 1636 1997 1749 affeqiani}
2058 1633 2342 1748 V‘iitiolsdegi
2366 1632 2573 1746 lfalkiffi'

357 1710 428 1806 etc
440 1729 561 1807 edd.
587 1711 947 1811 autgtgz‘iixt'?
974 1761 1021 1811 Δ
1041 1713 1231 1825 pogio,
1252 1703 1518 1827 ἓῂοῗῗὲᾷ
1540 1715 1776 1828 girato,
1798 1714 1980 1814 xci-rita.
2002 1713 2156 1813 oant·
2171 1712 2574 1812 aglaiiadedis:

354 1828 447 1876 set,
468 1829 519 1872 et
543 1838 680 1873 arma
710 1827 1051 1875 retinerentur.
1107 1827 1172 1876 In
1196 1829 1327 1878 Mss.
1362 1830 1424 1877 Et
1447 1845 1553 1878 oum
1587 1830 1740 1879 Italia
1761 1830 2030 1880 decessisset
2050 1834 2099 1878 et
2120 1843 2289 1877 aarum
2307 1832 2571 1890 peteretur.

357 1886 530 1937 Quam
554 1891 831 1939 lectionem
854 1891 1148 1951 probarem,
1172 1893 1266 1941 sed
1289 1895 1340 1942 in
1377 1893 1536 1942 Italis
1558 1895 1852 1943 Viriathum
1873 1894 2035 1944 fuisse
2060 1908 2166 1941 non
2190 1892 2356 1955 puto!
2382 1892 2571 1941 Schott.

356 1952 499 2000 Vide
544 1954 672 2003 Not.
706 1955 903 2017 Delph.
942 1956 1166 2019 improb.
1205 1957 1560 2008 Amnem—3
1607 1959 1672 2008 In
1701 1961 1803 2009 Ed.
1841 1975 1921 2023 pr.
1953 1958 2282 2007 desideratur
2320 1955 2381 2004 τὸ
2411 1957 2575 2005 aliter.

296 2056 301 2059 .
360 2014 568 2067 'Vincere
589 2034 695 2068 eum
710 2019 909 2073 Sebott.
930 2021 997 2070 G.
1023 2022 1094 2069 D.
1125 2022 1192 2071 P.
1248 2022 1523 2072 Viriathum
1539 2023 1596 2071 ob
1614 2025 1772 2073 virum
1790 2025 1899 2074 vino
1921 2024 2186 2086 depositum
2205 2022 2304 2071 Ed.
2329 2036 2409 2084 pr.
2442 2021 2573 2068 humi

352 2082 621 2144 depositum
647 2083 937 2146 perimerent
966 2084 1089 2136 Ald.
1133 2086 1243 2135 vino
1263 2088 1525 2151 depositum
1558 2089 1615 2137 in
1650 2089 1800 2140 Leid.
1836 2092 1889 2137 2.
1924 2090 2081 2138 Fran.
2108 2088 2332 2150 Agripp.
2357 2093 2414 2134 et
2436 2085 2571 2135 Ven.

355 2146 589 2210 obvium,
636 2147 787 2210 prob.
828 2149 1032 2199 Schott.
1086 2150 1308 2213 improb.
1344 2151 1629 2204 Arum-4
1676 2155 1691 2181 ‘
1718 2154 1929 2204 Omissa
1974 2152 2366 2216 praepositione,
2402 2155 2573 2199 senatu

352 2210 527 2272 (more
551 2213 766 2277 antiquo
790 2227 883 2276 pro
918 2215 1226 2278 senatui,)in
1261 2217 1380 2267 eod.
1412 2218 1563 2266 Leid.
1602 2217 1812 2269 doctius
1841 2226 1897 2268 et
1916 2218 2053 2268 bene
2086 2217 2339 2281 seriptum
2361 2222 2479 2276 θεῖς
2512 2220 2570 2264 et

357 2275 686 2327 abundanter
707 2278 1025 2329 iliustratum
1047 2280 1112 2329 ab
1135 2278 1464 2333 Arntzeuio.'
1487 2283 1638 2331 Harl.

1355 2428 1405 2479 N
1411 2424 1574 2480 0⁹1·AE

1566 2549 1591 2577 Φ
1624 2542 1801 2591 Pacem
1828 2556 1860 2589 α
1892 2554 2004 2603 pop.
2050 2537 2215 2602 Rom]
2247 2537 2314 2587 A.
2351 2538 2421 2587 U.
2458 2540 2574 2588 612.

1505 2616 1576 2668 Q.
1589 2617 1782 2667 Fabius
1803 2616 2065 2665 Maximus
2080 2614 2394 2663 Servilianus
2410 2614 2575 2677 aequis

349 2536 423 2586 sit
446 2536 641 2587 viribus
662 2539 899 2590 maximis
922 2540 992 2590 sd
1010 2505 1111 2591 boe
1130 2554 1282 2602 opus.
1331 2540 1421 2592 Sie

351 2614 495 2676 apud
535 2614 754 2665 Graeeos
785 2614 1078 2681 παράβολος,
1100 2617 1189 2682 qui
1226 2624 1309 2666 est
1332 2632 1421 2667 au·

352 2689 477 2747 dax,
501 2692 657 2741 etism
680 2692 746 2742 de
772 2701 1018 2744 venatore
1041 2704 1096 2744 et
1120 2692 1423 2743 confectore

355 2766 459 2816 diei
482 2770 771 2819 consuevit.
825 2771 1023 2820 Eadem
1049 2785 1177 2821 voce
1199 2786 1320 2819 usus
1341 2779 1424 2821 est

352 2842 648 2894 Trebellius
667 2846 839 2895 Pollio
860 2849 912 2896 in
930 2846 1214 2897 Gallieuis:
1253 2854 1267 2876 ⁸
1286 2847 1420 2897 Nam

348 2932 472 2969 eum
504 2928 709 2971 taurum
731 2922 994 2986 ingentem
1020 2924 1074 2971 in
1094 2937 1304 2973 arenam
1329 2924 1423 2973 mi·

350 2995 507 3045 sisset
542 2999 840 3063 exissetque
873 2999 937 3049 sd
977 3014 1095 3049 eum
1128 2998 1422 3049 feriendum

350 3071 571 3119 vector.’
636 3072 772 3122 Item
790 3074 1069 3124 Maniliusz
1106 3076 1122 3102 ‘
1141 3075 1212 3123 Et
1235 3089 1424 3137 pacare

351 3153 495 3195 metu
519 3149 690 3212 sylvas
713 3156 768 3198 et
792 3150 968 3199 vivere
988 3158 1172 3200 vector
1189 3151 1224 3201 ς’
1259 3160 1317 3201 ut
1349 3152 1423 3201 in-

352 3221 500 3272 dicat
522 3231 672 3273 vetus
696 3226 954 3289 scriptura
976 3229 1144 3277 victor.

417 3307 442 3333 Β
476 3299 815 3363 Imperatorem
831 3303 1085 3353 Claudium
1110 3304 1424 3369 Unimanum]

349 3372 505 3424 Idem
558 3377 700 3426 Flor.
751 3384 768 3406 ⁴
795 3379 1068 3428 Ciaudium
1109 3381 1424 3431 Unimanum

352 3463 504 3511 paene
528 3452 593 3501 nd
615 3453 1027 3504 internecionem
1049 3456 1315 3506 exercitus
1337 3472 1423 3508 ee·

358 3525 529 3577 cidit?

392 3599 442 3634 ·‘¹
479 3604 539 3654 C.
584 3604 870 3672 Nigidium]
926 3607 1119 3671 Ignoro
1164 3609 1278 3673 quis
1322 3611 1422 3661 iste

352 3674 514 3729 fuerit
549 3682 811 3746 Nigidius.
880 3683 1089 3748 Legunt
1142 3685 1239 3735 viri
1281 3686 1424 3738 docti

358 3749 645 3816 Vetidiam5
676 3757 764 3821 qui
801 3764 1016 3823 praetor,
1040 3760 1282 3812 exercitu
1321 3777 1421 3814 σω·

343 3839 430 3893 ⁸⁰,
452 3833 538 3882 vix
560 3833 785 3885 Viriathi
807 3850 987 3889 manus
1014 3836 1218 3904 effugit.

1503 2692 1887 2742 conditionibus
1934 2705 2050 2741 eum
2094 2690 2333 2739 Viriatho
2389 2703 2576 2754 pacem

1503 2767 1652 2818 fecit.
1718 2770 1836 2822 Quo
1855 2767 2017 2829 facto,
2043 2766 2199 2816 rebus
2223 2767 2328 2815 suis
2359 2763 2413 2815 in
2447 2767 2577 2817 His-

1505 2846 1661 2908 pania
1683 2859 1932 2909 prospere
1949 2844 2131 2907 gestis,
2147 2842 2315 2893 labem
2331 2842 2575 2908 imponit.

1504 2921 1736 2985 Epitom.
1763 2921 1879 2968 Liv.

1573 2994 1593 3030 ¹
1622 2998 1743 3046 Cum
1765 2996 1865 3046 alia
1885 2995 2112 3060 dedisset]
2143 2992 2325 3045 Scribe
2362 2993 2574 3044 dedidis-

1502 3079 1595 3125 set.
2057 3085 2060 3090 ·

1549 3159 1595 3200 ,Β
1632 3147 1819 3214 Coepio]
1855 3149 1927 3201 Q.
1971 3148 2223 3198 Servilius
2267 3146 2469 3213 Caepio,
2502 3145 2573 3197 A.

1503 3227 1573 3278 U.
1594 3232 1710 3277 613.

1571 3303 1598 3338 ¹¹
1631 3303 1790 3353 Humi
1809 3300 2095 3366 depositam]
2126 3299 2191 3350 In
2215 3307 2326 3365 opt.
2349 3301 2575 3364 exempl.

1505 3390 1566 3431 ut
1597 3388 1812 3430 mouent
1841 3377 1940 3429 viri
1974 3378 2118 3428 docti
2151 3378 2262 3426 eino
2293 3376 2572 3441 depositum,

1504 3457 1642 3523 quod
1663 3457 1793 3505 mire
1813 3456 2005 3519 placet.
2059 3453 2281 3516 ProprIe
2303 3455 2318 3480 ‘
2335 3456 2455 3502 vino
2479 3453 2570 3502 de·

1505 3532 1697 3599 positi’
1730 3533 1979 3582 dicuntur
2012 3530 2100 3594 qui
2137 3529 2256 3578 vino
2290 3528 2365 3577 ita
2397 3528 2572 3579 obruti

1504 3617 1645 3674 sunt,
1665 3615 1728 3659 ut
1749 3607 1898 3673 quasi
1918 3604 2109 3656 mortui
2132 3611 2188 3653 et
2210 3605 2400 3667 sepuiti
2425 3605 2573 3668 jace-

1504 3694 1614 3737 ant.
1682 3687 1861 3736 Plaut.
1886 3684 1936 3733 in
1972 3681 2148 3732 Auiul.
2172 3689 2188 3712 ‘
2207 3681 2283 3730 Ut
2305 3696 2387 3731 me
2409 3680 2571 3746 depo·

1504 3769 1599 3815 nat
1620 3763 1756 3820 vino,
1782 3776 1895 3814 eam
1920 3757 2135 3810 affectat
2153 3757 2330 3809 viam.'
