3023 4942
864 391 963 439 nn
1012 390 1260 439 snxro
1309 391 1658 440 Aunnmo
1712 392 2064 463 vroronn.
2443 376 2532 443 33

607 533 800 599 Idem
830 533 917 597 de
947 532 1124 598 Ans.
1157 533 1403 616 Regio.
1434 539 1591 599 tom.
1626 553 1675 600 1.
1708 548 1864 621 cap.
1896 537 1959 601 l.
1989 557 2063 621 p.
2088 537 2237 604 138.

412 654 677 721 Victori
705 649 929 717 Taciti
959 653 1246 735 vestigia
1272 653 1496 736 legere
1523 673 1673 718 mos
1699 663 1831 720 est.

747 796 1023 905 Lipsius
1055 820 1218 906 Syll.
1248 823 1480 887 Burm.
1509 829 1749 887 tom.⁷1.
1781 825 1977 908 epist.
2007 826 2118 891 25.

414 940 660 1005 Victor
700 958 839 1003 non
867 958 1088 1022 usque
1118 960 1387 1026 quaque
1425 943 1726 1025 placebit
1761 944 1912 1019 tibi,
1941 945 2189 1027 brevis,
2219 949 2536 1017 concisus

330 1043 396 1107 in
443 1062 536 1120 re,
585 1042 654 1106 in
695 1041 923 1105 verbis
968 1042 1230 1108 sciolus
1281 1050 1352 1107 et
1398 1044 1767 1119 affectator9
1857 1044 2047 1125 Quid
2091 1051 2306 1132 agas?
2352 1052 2539 1117 solus

331 1149 565 1208 tamen
583 1145 694 1208 ille
723 1143 1024 1227 reliquus
1055 1164 1144 1211 ex
1174 1146 1500 1230 antiquis.

948 1294 1145 1359 Idem
1176 1296 1260 1360 de
1290 1295 1640 1381 Amphith.
1674 1319 1823 1384 cap.
1854 1301 1930 1365 6..

414 1415 673 1479 Durum
704 1414 836 1479 hoc
880 1413 1045 1479 mihi
1089 1415 1223 1499 ipsi
1252 1416 1599 1495 videretur,
1628 1418 1762 1482 nisi
1794 1417 2142 1485 Victorem
2173 1423 2539 1507 cogitarem

327 1525 394 1583 ct
422 1518 749 1602 reliquam
779 1516 925 1601 ejus
957 1515 1294 1583 affectatae
1325 1519 1647 1587 novitatis
1679 1519 1989 1604 phrasin..

732 1724 737 1727 -
820 1674 1188 1741 Gutherius
1222 1672 1355 1740 off.
1382 1677 1589 1743 Dom.
1619 1677 1800 1762 Aug.
1835 1697 1955 1746 ιιι.
1983 1682 2049 1745 1-.

416 1769 664 1847 Victor
694 1760 979 1863 scriptor
1008 1777 1401 1845 Africanusr
1960 1792 1990 1831 —z

955 1945 1279 2013 Bar-thius
1311 1943 1598 2013 Advers.
1631 1963 1782 2012 mv..
1805 1948 1916 2013 13.

418 2065 723 2147 Scriptor
752 2065 1063 2146 praeelari
1082 2063 1328 2147 judicii
1359 2065 1679 2135 Aurelius
1710 2065 1983 2143 Victor,
2014 2067 2131 2149 qui
2168 2068 2546 2132 charactere

330 2169 578 2251 cuique
623 2166 761 2229 fere
793 2165 1100 2249 Principi
1145 2164 1518 2250 affingendo
1562 2187 1822 2251 paucos
1867 2169 2137 2247 omnino
2178 2188 2385 2252 par-es
2426 2169 2547 2232 ha-

333 2271 471 2348 bet,
502 2267 706 2355 modo
737 2267 828 2331 sit
856 2267 1265 2332 emendatus.
1352 2269 1473 2348 (Et
1503 2269 1714 2354 paulo
1747 2267 1968 2353 postz)
1998 2271 2272 2334 Suntin
2303 2270 2547 2335 eodem

330 2373 665 2454 scriptore
701 2369 983 2451 singulis
1024 2370 1289 2453 paginis
1335 2370 1565 2452 aliqua
1608 2369 1998 2452 castiganda
2037 2379 2103 2435 et
2132 2371 2549 2445 animadver-

324 2475 566 2549 tenda,
598 2473 718 2538 sed
764 2480 988 2538 actum
1034 2474 1269 2555 egerit,
1293 2474 1409 2555 qui
1456 2473 1590 2537 tale
1620 2470 1785 2556 quid
1830 2471 2129 2550 tentarit,
2172 2473 2301 2535 nisi
2346 2473 2547 2555 plane

329 2581 661 2650 assuetus
682 2575 968 2639 dictioni.
988 2573 1160 2657 ejus,
1191 2582 1258 2639 et
1293 2580 1656 2658 postquam
1689 2580 1902 2639 totum
1937 2574 2299 2658 aliquoties
2329 2578 2549 2658 per-le-

331 2680 540 2762 gerit3
584 2687 693 2743 est
718 2665 891 2741 enim
923 2677 1160 2741 Afrum
1188 2678 1257 2741 in
1287 2695 1372 2741 eo
1404 2695 1685 2741 acumen
1730 2683 1798 2740 et
1832 2675 2134 2740 densitas
2177 2680 2548 2742 sententia.-

322 2801 476 2846 rum
506 2780 779 2845 nodosa*
803 2786 874 2845 et
918 2799 1179 2844 summo
1226 2778 1678 2863 affectatoque
1710 2779 1933 2844 studio
1964 2778 2277 2843 difficilis.
2369 2779 2546 2858 Qnae
2583 2801 2591 2804 ⁴

333 2888 401 2947 et
429 2903 648 2948 causa
676 2882 822 2960 fuit,
856 2900 1066 2964 quare
1099 2880 1389 2945 faciliori
1439 2882 1618 2963 stylo
1663 2901 1797 2945 non
1831 2888 1967 2945 tam
2000 2882 2066 2943 in
2099 2880 2413 2964 Epitome
2442 2902 2545 2945 re-

334 2987 517 3058 dacti
546 2984 791 3048 fuerint
823 2984 1133 3047 Caesares
1165 2982 1337 3066 ejuS‚
1364 3002 1566 3066 quam
1596 3002 1868 3065 prorsus
1902 2984 2278 3066 explieati3
2323 2990 2392 3047 et
2422 2984 2548 3048 ali.-

332 3098 433 3154 ter
459 3088 644 3171 loqui
674 3088 824 3170 ipse
842 3085 1108 3170 jussus.
1199 3085 1283 3149 Id
1313 3085 1498 3168 quod
1528 3092 1834 3150 veterem
1865 3092 1935 3149 et
1965 3085 2315 3150 cordatum
2346 3086 2546 3196 etiam

334 3192 730 3275 scriptorem
757 3188 1004 3253 fecisse
1035 3187 1200 3251 alibi
1233 3187 1669 3254 ostendimus.
2006 3206 2009 3210 ’

639 3583 1181 3652 eERARnth
1250 3559 1780 3651 IOHANNES
1855 3583 2261 3649 vossms

755 3735 866 3801 De
900 3734 1268 3822 Historicis
1298 3735 1561 3800 Latinis
1592 3737 1712 3800 lib.
1746 3752 1832 3798 ιι.
1859 3755 2009 3819 cap.
2046 3736 2148 3800 15.

422 3925 735 3990 SEXTUS
788 3919 1200 3985 AURELIUS
1248 3920 1552 3986 Vlc'roR
1608 3920 1845 3985 itidem
1896 3921 2074 3984 vixit
2128 3921 2545 4005 temporibus

338 4026 632 4092 Atrcadi'r
661 4032 730 4086 et
770 4022 1082 4098 Honorii,
1111 4042 1191 4086 ac
1223 4022 1308 4087 de
1340 4022 1497 4086 vitis
1539 4022 2037 4105 Imperatorum
2080 4021 2545 4087 Romanorum

338 4130 671 4212 epitomen
703 4125 898 4188 fecit:
945 4145 1227 4207 eamque
1260 4126 1346 4189 ad
1376 4125 1746 4195 Theodosii
1777 4145 1993 4208 usque
2012 4145 2374 4191 excessum
2400 4146 2548 4208 per-

340 4231 563 4294 duxit.
638 4225 978 4290 Contexta
1027 4226 1175 4291 haec
1232 4227 1533 4311 epitome
1585 4233 1714 4303 est,
1766 4247 1921 4292 cum
1980 4246 2064 4290 ex
2119 4226 2544 4310 Tranqui110,

467 4346 644 4410 Delph.
668 4349 713 4394 et
746 4342 862 4393 ναν.
890 4345 1022 4393 clas.
1395 4345 1561 4396 Aur-el.
1592 4344 1720 4394 Vict.
2148 4392 2155 4399 ,
2225 4417 2234 4428 l
2372 4346 2415 4396 C
