3023 4942
720 399 820 445 ne
870 396 1077 447 vrais
1128 395 1640 445 ILLUSTRIBUS
1691 395 1857 444 cai».
1906 394 2138 443 xmn.
2398 382 2528 449 157

322 557 610 611 rucosus
650 563 696 608 a
723 562 1007 608 verruca
1046 543 1120 607 in
1162 542 1399 621 labris,
1443 542 1542 606 ita
1586 541 1880 607 Ovicula
1905 561 1950 606 a
1996 542 2354 608 clementia
2387 562 2532 608 mo-

323 644 830 724 rum‚·.consul¹’
860 646 946 711 de
976 645 1384 728 Liguribus⁰
1417 645 1874 728 triumphavit.
1962 647 2026 708 2.
2073 644 2534 710 Hannibalem

322 770 517 814 mora
561 745 814 830 fregit.‘¹
899 749 967 814 3.
1015 748 1444 815 Minucium⁶
1491 748 1879 829 magistrum
1922 748 2220 831 equitum
2248 748 2535 830 imperio

322 851 455 916 sibi
490 851 748 935 aequari
774 870 1025 934 passus
1063 858 1206 915 est:
1251 850 1686 916 nihilominus
1729 849 2132 933 periclitanti
2173 842 2532 913 subvenit!

318 957 384 1018 4.
432 953 892 1018 Hannibalem
920 954 990 1016 in
1022 972 1184 1035 agro
1215 953 1502 1017 Falerno
1521 960 1549 997 ⁸
1576 952 1864 1016 inclusit.
1937 952 2001 1016 5.
2049 950 2344 1014 Marium
2376 950 2529 1015 Sta·-

317 1052 583 1119 tilium¹¹
630 1055 1031 1137 transfugere
1069 1054 1155 1118 ad
1198 1054 1424 1119 hostes
1464 1053 1820 1129 volentem,
1849 1072 2022 1137 equo
2064 1059 2133 1117 et
2172 1054 2373 1116 armis
2415 1053 2535 1116 do-

317 1159 505 1222 natis
555 1156 864 1232 retinuit3
915 1165 983 1220 et
1027 1155 1305 1221 Lucano
1353 1155 1623 1220 cuidam
1665 1155 2057 1231 fortissimo,
2105 1156 2194 1218 ob
2238 1174 2535 1219 amorem

316 1259 618 1323 mulieris
664 1253 1101 1342 infrequenti,¹
1143 1258 1424 1323 eandem
1467 1266 1711 1322 emtam
1758 1258 1934 1322 'dono
1979 1256 2188 1321 dedit.
2289 1258 2355 1321 6.
2399 1257 2533 1320 Ta-

317 1368 574 1425 rentum
594 1356 620 1394 ¹‘
652 1361 738 1423 ab
770 1361 1082 1426 hostibus
1112 1361 1404 1443 recepit:
1458 1359 1775 1452 Herculis
1803 1357 2096 1442 signum¹
2128 1358 2286 1422 inde
2313 1366 2534 1422 trans-

317 1463 534 1527 latum
577 1463 647 1524 in
693 1461 1031 1545 Capitolio
1076 1462 1446 1527 dedicavit.
1531 1464 1601 1527 7.
1648 1461 1758 1525 De
1796 1463 2204 1526 redemtione
2235 1462 2536 1544 captivo-

318 1571 522 1629 rumm
572 1584 726 1628 cum
771 1566 1077 1634 hostibus
1118 1566 1418 1648 pepigit:
1466 1563 1649 1649 quod
1694 1571 1971 1648 pactum
2020 1583 2169 1629 cum
2217 1584 2259 1628 a
2298 1571 2537 1629 senatu

1242 1742 1609 1764 “emeca“

315 1871 396 1905 sus
424 1855 625 1907 Schott.
644 1858 843 1907 Gaesb.
862 1857 1045 1908 Pitisc.
1109 1858 1240 1907 Tum
1262 1858 1315 1907 in
1349 1857 1498 1906 labris
1518 1857 1616 1907 sita
1653 1857 1790 1906 Ovio.
1815 1857 2019 1908 Schott.
2038 1857 2108 1907 G.
2130 1858 2204 1907 D.
2227 1858 2294 1906 Ρ.
2313 1858 2534 1921 improb.

316 1922 574 1971 Arntzen.
641 1924 772 1971 Mox
808 1924 938 1973 eoed.
973 1922 1094 1971 edd.
1128 1938 1310 1973 ntorum
1341 1923 1517 1973 diceus.
1583 1922 1855 1986 Lyginibus
1877 1937 1973 1985 pro
1995 1923 2258 1983 Liguribus
2297 1924 2400 1971 Ms.
2448 1939 2537 1987 ap.

316 1986 621 2036 δώσει-8
647 1989 907 2064 Corrupte
932 1989 1088 2037 Fran.
1100 1988 1286 2050 judice
1310 1987 1496 2038 Arntz.
1530 1989 1726 2048 nangiu-
1747 1986 1894 2049 equit.
1909 1988 1960 2036 in
1979 1988 2147 2063 preelio
2165 1988 2366 2064 aequari.
2398 1988 2538 2038 Tum

310 2056 601 2164 Ξέῖῗεῖἰῖὶ
618 2052 1142 2181 {xft‘ssff‘iffl‘kzzss
1153 2053 2358 2168 §3:2⁰A1ff1‘5¹3·.1¹:335¹{fsssbssssf‘ssf'ff‘ffzass
2372 2054 2539 2168 mi?

316 2181 546 2236 Scliotti‚
567 2182 654 2244 qni
678 2182 796 2231 inde
821 2181 1050 2232 faciebat
1081 2182 1275 2242 Marso,
1298 2185 1557 2245 probante
1582 2183 1836 2232 Grutero.
1899 2182 2143 2230 Manlium
2164 2183 2286 2231 olim
2319 2183 2538 2232 Marium

316 2245 388 2294 ob
414 2260 724 2296 consensum
759 2247 999 2296 codicum
1025 2247 1262 2296 defendit
1293 2246 1550 2297 Arntzen.
1590 2254 1861 2308 praeeunte
1882 2247 1937 2297 J.
1964 2247 2023 2295 F.
2046 2246 2312 2295 Gronovio
2350 2249 2416 2295 ad
2450 2250 2538 2297 Li-

318 2309 461 2358 vium
495 2324 643 2360 xxu.
674 2316 755 2360 42.
789 2312 861 2361 43
904 2314 1048 2363 Harl.
1113 2313 1382 2361 Praeterea
1426 2313 1681 2361 Statilium
1720 2310 1944 2360 Parisin.
1982 2311 2162 2359 habet.
2227 2313 2358 2360 Tum
2391 2314 2541 2360 dona·

317 2380 424 2423 tum
465 2390 558 2437 pro
604 2377 791 2426 donatis
827 2378 971 2426 Leid.
997 2382 1047 2425 2.
1117 2379 1380 2426 ‘Eandem
1434 2377 1566 2426 Cod.
1600 2375 1776 2426 Haun.
1810 2377 2200 2438 corruptissime
2227 2375 2540 2438 infrequenti,

316 2440 481 2491 dolore
502 2441 654 2490 stanti
675 2446 846 2491 enatam
861 2459 878 2491 .-
919 2458 1035 2504 quae
1062 2443 1224 2491 verba
1244 2443 1365 2507 quid
1392 2442 1573 2502 velint,
1593 2455 1694 2491 non
1720 2441 1995 2503 video‚nisi
2017 2439 2156 2491 forte
2180 2441 2538 2506 reponendum

317 2502 459 2554 foret
491 2508 651 2555 dolore
682 2508 883 2564 absenti,
908 2517 968 2556 ut
1005 2516 1161 2556 antea
1189 2509 1253 2555 ad
1291 2509 1674 2569 expositionem
1711 2509 1855 2556 vocis
1890 2505 2177 2569 infrequenti
2203 2523 2233 2555 a
2256 2508 2539 2570 glossatore

318 2569 372 2618 iu
396 2573 635 2635 margine
656 2573 763 2621 sint
787 2573 1043 2638 adposita.
1079 2573 1229 2624 Leid.
1254 2582 1428 2622 autem
1452 2589 1535 2638 pr.
1555 2587 1840 2637 pronomen
1868 2570 2047 2622 delet.’
2066 2572 2336 2624 Arata-'7
2357 2572 2538 2622 Tertia

1315 2720 1532 2771 NOTAE
1610 2697 1614 2702 ’

384 2819 408 2845 ⁸
447 2812 653 2861 ovicula
683 2829 714 2862 α
745 2815 995 2865 clementia
1017 2817 1224 2880 morum]
1259 2819 1384 2867 Plu-

321 2888 485 2937 tarch.
519 2890 546 2936 ὖ
577 2888 630 2938 δὲ
651 2889 902 2941 οὐικούλας
934 2893 1150 2953 σημαίνει
1180 2893 1239 2943 τὸ
1273 2894 1387 2958 πρό-

1534 2828 1560 2862 8
1595 2818 1829 2883 Falerno]
1864 2818 1932 2867 In
1958 2817 2263 2881 Campania.

1531 2893 1785 2945 “Marium
1803 2895 2093 2959 [Manlium]
2109 2895 2385 2958 Statilium]
2404 2897 2541 2952 Mar·

320 2966 487 3018 βατον·
523 2963 660 3024 ἐτέθη
694 2964 745 3014 δὲ
765 2966 879 3028 πρὸς
898 2967 989 3026 τὴν
1019 2968 1269 3032 πραότητα
1300 2973 1389 3021 τοῦ
1464 2987 1570 3020 sum
1588 2982 1738 3022 vocat
1761 2973 2035 3022 Plutarch.
2055 2974 2107 3022 in
2133 2973 2313 3023 Fabio.

318 3039 475 3096 ἤθους,
502 3039 576 3089 ἔτι
603 3040 768 3091 παιδὸς
801 3044 954 3094 ὄντος.
1024 3047 1226 3097 ovicula
1256 3064 1389 3098 ovem

318 3116 582 3179 significat.
648 3118 779 3168 Illud
815 3127 973 3170 autem
1010 3122 1055 3170 ei
1090 3137 1259 3174 nomen
1297 3128 1386 3174 im·

315 3192 523 3255 positum
536 3200 733 3255 propter
762 3212 942 3245 morum
963 3201 1258 3249 clementiam
1280 3217 1389 3250 cnm

319 3268 471 3316 adhuc
502 3282 622 3330 puer
642 3276 782 3318 esset.
847 3273 979 3321 Ovis
1009 3275 1145 3323 enim
1180 3277 1386 3340 symbo-

320 3344 426 3394 lum
461 3343 745 3407 πραότητος,
781 3354 839 3397 ut
874 3358 930 3398 et
964 3365 993 3397 e
1026 3351 1185 3400 sacris
1219 3354 1385 3403 literis

324 3420 588 3479 discimus.

385 3495 409 3528 δ
448 3497 651 3560 Consul]
687 3498 818 3548 Cum
842 3500 921 3551 M.
944 3501 1236 3566 Pomponio
1266 3506 1385 3554 Mn·

322 3571 478 3620 thone
514 3588 651 3623 anno
683 3576 860 3624 mundi
890 3580 1040 3628 3717.
1070 3588 1194 3629 ante
1232 3581 1293 3630 C.
1317 3582 1384 3631 N.

320 3653 435 3697 231.
463 3650 527 3699 A.
552 3652 619 3700 U.
642 3652 704 3700 C.
728 3656 845 3701 520.

386 3733 410 3758 0
442 3725 732 3790 Liguribus]
768 3729 872 3780 Qui
896 3730 964 3779 ad
986 3730 1150 3795 Alpes
1177 3733 1388 3782 Mariti·

325 3814 434 3848 mas
460 3802 546 3851 siti
571 3810 709 3850 sunt.

327 3874 413 3999 df!
444 3877 589 3925 Mora
638 3879 826 3944 fregit]
894 3883 1047 3932 Unde
1103 3885 1389 3934 Cunctator

365 3959 511 4001 ictus.

389 4035 411 4059 θ
442 4027 737 4095 Minucium]
778 4032 916 4082 Vide
957 4034 1074 4085 Liv.
1110 4035 1201 4085 lib.
1238 4049 1391 4085 xxii.

215 4128 226 4138 -
327 4119 441 4166 cap.
464 4109 547 4154 27.

389 4179 408 4213 f
435 4181 745 4233 Periclitanti
777 4186 1020 4252 subvenit]
1072 4189 1176 4240 Adi
1200 4191 1312 4241 Liv.
1335 4190 1387 4240 1·

331 4256 433 4309 bid.
459 4272 615 4323 capp.
641 4263 722 4309 28.
743 4266 825 4311 29.
849 4266 931 4314 30.

1533 3046 1906 3111 ¹¹Infrequenti]
1959 3048 2191 3096 Militare
2233 3047 2538 3097 vocabulum

1469 3130 1550 3172 est
1582 3125 1598 3152 ‘
1619 3122 1956 3191 infrequens,’
1986 3132 2040 3173 et
2074 3124 2148 3172 ita
2171 3122 2366 3172 dicitur
2389 3125 2539 3171 miles

1468 3200 1555 3261 qui
1581 3201 1730 3249 abest
1749 3216 1779 3259 a
1804 3199 1984 3261 signis,
2002 3207 2057 3248 et
2076 3199 2275 3248 militiae
2301 3200 2537 3257 assiduus

1467 3290 1570 3323 non
1597 3284 1696 3325 est.
1753 3275 1888 3324 Vide
1916 3275 2148 3324 Festum.

1533 3350 1559 3384 ¹¹
1596 3352 1877 3416 Tarentum]
1909 3351 1976 3401 A.
1997 3352 2067 3401 U.
2091 3353 2155 3402 C.
2179 3355 2295 3402 544.
2344 3352 2538 3400 Taren·

1468 3435 1578 3478 tum
1603 3429 1654 3476 iu
1676 3429 1874 3492 Magna
1898 3429 2122 3478 Graecia.

1541 3502 1812 3553 ¹Hercnlis
1847 3505 2063 3568 signnm]
2112 3505 2159 3553 E
2197 3504 2367 3566 captis
2400 3504 2538 3552 enim

1468 3580 1677 3642 oppidis
1697 3580 1843 3642 signa
1861 3581 2097 3628 Deorum
2121 3577 2507 3633 transferebant
2524 3595 2543 3639 ;

1468 3658 1650 3719 eisque
1687 3659 1772 3705 vel
1813 3659 2057 3715 eundem,
2091 3656 2174 3706 vel
2215 3656 2540 3719 ampliorem,

1468 3746 1621 3795 quam
1645 3732 1952 3786 habuerant,
1977 3733 2146 3781 locum
2171 3732 2439 3781 dicabant.

1536 3817 1575 3843 ¹¹²
1613 3811 1688 3860 De
1728 3811 2019 3860 redemtione
2061 3809 2380 3874 captivorum]
2441 3810 2538 3859 Fa-

1472 3885 1613 3934 bium
1639 3887 1776 3935 inter
1808 3894 1863 3936 et
1894 3887 2243 3935 Hannibalem
2279 3887 2556 3936 convene·'

1470 3972 1571 4018 rat,
1596 3971 1653 4011 ut
1676 3964 1763 4024 qui
1787 3965 1961 4026 plures
1997 3963 2234 4026 captivos
2271 3962 2540 4024 acciperet

1473 4054 1628 4102 qnam
1649 4039 1834 4099 daret3
1870 4041 1912 4087 is
1947 4041 2001 4088 in
2033 4041 2290 4102 singulum
2322 4039 2538 4086 militem

1471 4116 1676 4178 argenti
1702 4115 1877 4180 pondo
1909 4115 2025 4165 bina
2063 4124 2118 4165 et
2153 4115 2367 4165 selibras
2404 4129 2539 4177 prae-

1467 4200 1654 4241 staret.
1737 4193 1810 4241 Et
1866 4206 1983 4242 cum
2039 4190 2231 4241 Fabius
2286 4190 2538 4239 ducentos

1467 4267 1811 4332 quadraginta
1829 4276 2033 4331 septem
2054 4268 2227 4331 plures
2246 4280 2401 4331 quam
2418 4267 2537 4316 1³oe-
