3023 4942
762 439 860 485 nn
908 432 1678 485 vtms.1t.1.us·rmnus
1726 434 1891 484 cAP.
1940 435 2026 485 11.
2425 418 2515 489 83

300 581 574 669 [etiam]
616 584 707 647 ob
740 587 975 666 raptas
1015 580 1267 646 bellum
1319 579 1646 645 adversus
1702 580 2061 646 Romanos
2111 591 2516 649 sumserunt.

299 690 368 752 6.
429 687 523 751 Et
569 704 726 751 cum
777 682 1019 751 Romae
1079 685 1721 768 appropinquarent,
1775 684 2136 766 Tarpeiam
2193 687 2518 769 virginem

300 790 511 864 nacti,
555 806 984 874 quae‘a'quae,
1017 804 1233 854 causa
1275 795 1671 865 sacrorum,¹²
1716 786 2102 851 hauriendas
2149 788 2519 854 descende-

302 896 462 967 rat,¹
509 891 573 954 ei
619 888 704 953 T.
754 889 1001 954 Tatius
1050 891 1396 974 optionem
1444 890 1739 954 muneris
1786 889 1992 965 dedit,
2047 890 2108 953 si
2150 876 2554 956 exercitum‘

304 1012 504 1057 suum
555 994 621 1056 in
665 991 1075 1076 Capitolium
1128 992 1609 1076 perduxisset.y
1695 992 1823 1056 Illa·
1851 993 2048 1076 petiit
2089 994 2273 1075 quod
2318 994 2416 1057 illi
2447 995 2521 1058 in

303 1097 601 1161 sinistris
629 1094 943 1159 manibus
986 1097 1334 1176 gerebant,
1365 1094 1685 1159 videlicet
1738 1095 2016 1159 annulos
2060 1101 2126 1160 et
2176 1097 2526 1174 armillas?

304 1200 562 1281 quibus
592 1198 829 1261 dolose
873 1197 1322 1281 repromissis,
1354 1196 1653 1260 Sabinos
1681 1198 1749 1260 in
1781 1216 2000 1261 arcem
2031 1197 2374 1281 perduxit,
2403 1196 2523 1262 ubi

304 1300 556 1363 Tatius
580 1299 797 1363 scutis
840 1317 990 1363 eam
1040 1298 1236 1362 obrui
1281 1300 1650 1380 praecepit3
1694 1314 1846 1362 nam
1880 1307 1948 1363 et
1974 1319 2055 1363 ea
2085 1300 2154 1362 in
2185 1300 2379 1363 laevis
2407 1301 2521 1364 ha-

304 1403 614 1465 buerant.
701 1400 768 1466 7.
813 1400 1154 1465 Romulus
1185 1399 1507 1463 adversus
1546 1399 1845 1476 Tatium,
1880 1402 1998 1483 qui
2031 1412 2326 1466 montem
2355 1402 2520 1467 Tar-

308 1505 546 1586 peium
572 1511 599 1539 ⁸
627 1504 911 1580 tenebat,
943 1503 1327 1587 processit3
1370 1509 1441 1567 et
1480 1501 1552 1565 in
1585 1520 1668 1565 eo
1704 1502 1884 1578 loc0,
1920 1503 2037 1567 ubi
2067 1524 2241 1568 nunc
2271 1503 2521 1569 Roma-

309 1625 474 1669 num
507 1605 724 1671 forum
752 1602 912 1682 est,¹’
951 1624 1242 1690 pugnam
1273 1605 1655 1668 conseruit:
1698 1604 1794 1668 ibi
1836 1604 2114 1697 Hostus·
2131 1605 2480 1671 Hostilius
2501 1614 2525 1641 ⁰

308 1706 685 1773 fortissime
714 1704 1044 1772 dimicans
1074 1707 1364 1788 cecidit3
1412 1706 1613 1790 cujus
1643 1707 1913 1771 interitu
1949 1711 2355 1775 consternati
2383 1709 2525 1773 Roa
2591 1750 2596 1757 ,

1253 1869 1595 1892 OOOOOOOOO

312 1970 369 2020 in
396 1969 529 2019 Mss.
562 1974 730 2026 extat,
754 1975 888 2018 teste
911 1969 1213 2020 Senatu—6
1232 1972 1248 1999 ‘
1269 1971 1529 2021 Sacrorum
1556 1971 1740 2034 gratia.
1790 1972 2009 2034 Optimo
2034 1972 2158 2036 jure
2182 1974 2350 2034 gratia
2371 1975 2534 2039 ejecit

316 2037 524 2085 Schott.
548 2050 702 2098 quam
729 2048 911 2083 vocem
937 2036 1024 2084 alii
1059 2034 1179 2083 olim
1215 2035 1343 2085 editi
1370 2036 1455 2099 [ut
1479 2037 1579 2084 Ed.
1603 2052 1680 2099 pr.
1701 2043 1757 2086 et
1782 2036 1927 2100 ΑΜ]
1951 2038 2034 2085 hic
2057 2038 2351 2094 intrudunt,
2376 2056 2405 2087 a
2428 2054 2533 2105 quo

323 2109 502 2150 tamen
542 2107 765 2163 peccato
788 2099 1070 2149 abhorrent
1094 2102 1258 2149 nostri
1284 2115 1440 2150 manu
1468 2102 1709 2150 exarati!
1730 2102 1908 2151 Arntz.
1976 2103 2126 2165 Mox,
2148 2103 2479 2166 ‘produxisset
2502 2120 2533 2154 e

316 2166 439 2216 cod.
479 2180 572 2214 suo
594 2166 835 2214 Schottus
867 2165 1014 2213 dedit
1049 2171 1104 2213 et
1142 2165 1404 2222 defendit,
1446 2168 1808 2216 consentiente
1848 2166 2096 2216 Grutero.
2177 2171 2249 2217 At
2289 2170 2536 2233 Sylburg.

319 2239 380 2280 et
399 2230 583 2279 Arntz.
607 2231 868 2279 vindicant
890 2230 1151 2292 vulgatum
1172 2230 1513 2292 perduxisset.’
1535 2231 1682 2280 Harl.
1726 2232 1865 2280 Vide
1890 2231 2073 2281 Arntz.
2106 2232 2536 2290 Mediolanensis,

319 2304 461 2346 teste
495 2295 698 2344 Schott.
740 2297 897 2343 dolose
929 2296 1243 2358 repromissis.
1332 2296 1578 2358 Denique
1616 2297 1753 2345 Titus
1790 2311 1884 2358 pro
1927 2296 2094 2345 Tatius
2128 2300 2300 2359 legunt
2333 2299 2536 2350 Schott.

321 2361 519 2410 Gaesb.
556 2360 751 2420 Delpli.
779 2360 959 2408 Pitisc.
999 2360 1168 2408 Tatius
1189 2360 1327 2408 Titus
1350 2359 1500 2409 Leid.
1523 2364 1575 2409 2.
1597 2369 1654 2410 et
1676 2362 1734 2409 F.
1760 2375 1864 2409 nou
1887 2362 2038 2417 male,
2064 2370 2201 2410 teste
2224 2363 2405 2411 Arutz.
2455 2365 2538 2414 Ti-

321 2431 404 2476 tus
429 2426 599 2475 Tatius
629 2424 849 2474 Ala—‘1
870 2426 885 2451 ‘
908 2424 1163 2475 Tenebant.
1201 2424 1325 2474 eod.
1362 2427 1518 2476 Fran.
1553 2426 1773 2475 tendebat
1809 2425 1947 2475 forte
1976 2440 2070 2490 pro
2108 2427 2161 2477 in
2192 2433 2397 2477 montem
2420 2430 2539 2478 Tar·

320 2492 485 2554 peiora
508 2490 749 2540 tendebat.
780 2490 885 2538 Sed
917 2497 1063 2539 reete
1083 2506 1138 2539 se
1169 2490 1323 2539 habet
1348 2493 1555 2551 vulgus
1579 2491 1768 2541 lectio.'
1786 2492 1961 2542 Arntz.
2029 2493 2237 2541 Hostius
2258 2494 2404 2544 Host.
2424 2494 2545 2543 And.

332 2557 501 2605 :hallu
522 2556 671 2605 Host.
703 2555 802 2605 Ed.
819 2570 901 2617 pr.
965 2558 981 2585 ⁸
1006 2556 1257 2604 Dimicaas
1277 2557 1464 2605 cecidit.
1500 2555 1649 2605 Leid.
1670 2562 1721 2606 2.
1745 2565 1800 2606 et
1817 2557 1899 2605 ed.
1922 2564 2030 2605 ant.
2062 2558 2344 2607 dimicando.
2400 2560 2543 2609 Cave

327 2621 609 2684 quidquam
634 2627 830 2681 mutes;
864 2627 945 2668 est
968 2622 1106 2669 enim
1130 2623 1342 2683 elegans
1367 2621 1580 2681 locutio,
1599 2637 1716 2672 cum
1739 2623 2020 2686 participia
2042 2623 2129 2671 illa
2150 2631 2164 2651 ‘
2180 2622 2461 2672 dimicans'
2485 2630 2549 2674 et

321 2701 341 2730 ο.
365 2699 604 2751 pugnans
622 2683 638 2706 '
660 2686 978 2749 exprimant,
1000 2687 1130 2735 tales
1167 2700 1270 2736 non
1307 2686 1502 2737 inultos
1539 2686 1794 2751 periisse!
1827 2688 2001 2737 Arutz.
2069 2687 2198 2737 Mox
2223 2688 2239 2717 ⁶
2265 2689 2543 2740 Nonnemo

1320 2832 1538 2883 NOTAE
1639 2823 1654 2840 ‘

390 2945 414 2971 ¹¹
452 2940 613 2988 Cam
648 2936 915 3001 socromm]
970 2938 1089 2987 Vox
1147 2953 1291 2987 eausa
1340 2939 1395 2988 in
1481 2939 1619 2989 enim
1637 2939 1852 2989 Sueton.
1873 2937 2198 3002 frequenter.
2231 2941 2542 3001 Quanquam

329 3015 433 3064 Ms.
462 3014 626 3074 abest,
648 3021 704 3062 et
727 3020 871 3063 reete
902 3028 1018 3063 mea
1052 3013 1260 3077 quidem
1282 3029 1395 3064 sen·
1471 3015 1726 3078 promissio
1751 3014 2076 3075 relationem,
2095 3020 2151 3061 ut
2170 3023 2288 3061 cum
2306 3014 2543 3062 dialecti-

330 3091 528 3153 tent'ia3
561 3090 778 3152 irrepsit
799 3091 936 3140 enim
960 3103 1027 3140 ex
1059 3105 1155 3140 ors.
1186 3093 1238 3141 in
1274 3106 1396 3141 con·
1477 3094 1555 3142 cis
1588 3094 1792 3156 loquar,
1824 3104 1918 3138 sua
1941 3091 1989 3138 vi
2017 3089 2294 3152 significet.
2363 3091 2543 3141 Utitur

330 3177 571 3219 textum:
630 3170 802 3218 solent
845 3170 982 3218 enim
1023 3170 1219 3232 Latini,
1260 3179 1398 3221 teste
1479 3169 1611 3219 etin
1636 3168 1873 3218 Scaevola
1896 3174 2078 3215 atictor
2102 3176 2295 3214 noster.
2544 3188 2547 3190 Δ

330 3244 618 3301 Prisciano‚
641 3246 914 3309 eleganter
932 3245 1047 3306 ‚hac
1083 3248 1400 3309 praetermis·

331 3323 474 3371 sione
500 3321 550 3369 in
578 3320 867 3383 generandi
902 3336 1026 3370 casu
1051 3323 1143 3380 uti,
1167 3330 1223 3372 ut
1249 3324 1396 3373 intel-

333 3398 529 3460 ligatur
569 3405 585 3427 ‘
605 3396 792 3446 causa'
829 3398 910 3447 vel
941 3400 958 3429 ‘
980 3399 1181 3461 gratia:
1201 3398 1217 3421 '
1264 3399 1400 3449 unde

333 3474 418 3524 hic
437 3474 502 3523 ab
525 3474 639 3522 aliis
665 3474 948 3538 ascriptum
968 3474 1402 3539 fuissesuspicor.

333 3552 545 3616 Sallust.
559 3549 809 3612 Jugurth.
831 3552 848 3580 ‘
868 3551 1005 3600 Belli
1024 3554 1261 3614 patrandi
1280 3567 1399 3615 cog-

335 3630 518 3678 novit.’
582 3627 671 3675 Sic
704 3627 811 3683 alii,
833 3633 847 3654 ⁸
868 3627 1022 3690 Reip.
1059 3627 1400 3677 defendendas

336 3703 580 3755 laborat?
647 3704 762 3755 Liv.
786 3704 942 3753 etiam
965 3704 1053 3753 lib.
1076 3718 1129 3752 v.
1151 3705 1285 3767 quod
1314 3703 1404 3753 alii

338 3790 462 3831 ante
485 3797 569 3830 me
591 3787 920 3830 monuerunt.
976 3780 1042 3829 In
1066 3781 1285 3829 insulam
1309 3782 1402 3845 igi-

336 3868 425 3911 tur
448 3861 705 3924 glossema
727 3860 1051 3923 deportetur.
1082 3860 1259 3909 Schot.

403 3943 431 3969 ¹
455 3938 755 3986 Hauriendoe
777 3936 1102 3999 descenderat]
1134 3937 1198 3985 Id
1219 3945 1316 3993 est,
1337 3936 1403 3986 ad

339 4029 528 4080 aquam
552 4014 918 4063 hauriendam:
939 4014 1015 4063 sic
1035 4015 1276 4079 Plautus,
1293 4015 1403 4064 Sal-

340 4091 548 4152 lustius,
570 4090 803 4139 Tacitus-

406 4175 431 4211 1
454 4166 769 4217 Pet-duxisset
799 4164 1144 4230 [produxisset]
1180 4165 1265 4216 Al.
1295 4180 1404 4229 per·

345 4247 577 4296 duxisset.
633 4246 707 4294 Ut
731 4260 850 4293 mox
870 4247 885 4273 ‘
907 4244 1127 4294 Sabinos
1149 4244 1202 4293 in
1232 4259 1406 4306 arcem

350 4323 598 4386 perduxit
611 4321 644 4372 :'
665 4322 790 4372 nihil
807 4330 981 4372 tamen
998 4322 1317 4379 mutandum,
1333 4321 1408 4370 ita

1546 3254 1567 3278 ⁸
1594 3245 1824 3297 Videlicet
1844 3244 2043 3293 annulos
2059 3248 2106 3291 et
2127 3242 2361 3306 armillas]
2405 3241 2545 3294 Vide

1480 3330 1660 3372 notata
1682 3322 1746 3370 ad
1770 3321 2001 3381 Florum,
2022 3319 2114 3368 lib.
2140 3333 2180 3367 1.
2203 3332 2321 3383 cap.
2346 3324 2395 3369 1.

1545 3408 1570 3435 ⁸
1604 3400 1818 3449 Moralem
1841 3397 2119 3460 Tarpeium]
2155 3396 2218 3444 Id
2254 3403 2355 3452 est,
2390 3397 2546 3460 Capi·-

1480 3478 1726 3528 telinum:
1762 3491 1879 3524 nam
1896 3485 1950 3522 et
1969 3474 2226 3535 Tarpeius
2249 3473 2423 3522 dictus
2449 3481 2550 3522 est.

1546 3551 1571 3585 ὓ
1593 3552 1656 3600 In
1672 3566 1724 3600 eo
1740 3553 1855 3611 loco,
1870 3550 1954 3599 ubi
1969 3563 2092 3597 nune
2107 3547 2548 3606 Romanumsorm

1482 3628 1578 3692 est]
1623 3630 1805 3678 Florus
1829 3641 1942 3690 cap.
1967 3630 2014 3674 1.
2050 3625 2171 3673 ‘Ita
2202 3624 2439 3673 admissis
2472 3625 2549 3673 in·

1484 3718 1568 3758 tra
1584 3705 1771 3755 moenia
1789 3704 2046 3761 hostibus,
2062 3706 2215 3756 atrox
2234 3699 2287 3747 in
2309 3700 2420 3763 ipse
2435 3697 2548 3748 foro

1486 3779 1697 3846 pugna.'
1733 3781 1842 3829 Per
1857 3776 2026 3826 forum
2047 3782 2243 3836 autem,
2257 3774 2426 3823 forum
2443 3775 2551 3824 Ro-

1484 3872 1691 3907 manum
1729 3854 1981 3915 intellige,
2006 3852 2140 3917 quod
2182 3851 2321 3900 inter
2355 3852 2550 3900 Palati-

1485 3950 1610 3984 num
1632 3941 1686 3982 et
1706 3930 2063 3993 Capitolinum
2085 3927 2274 3976 collem
2299 3926 2419 3975 fuit.

1561 4020 1583 4045 0
1629 4010 1818 4059 Hostus
1861 4003 2127 4066 Hostilius]
2195 4004 2311 4052 Liv.
2368 4003 2456 4053 lib.
2508 4019 2550 4055 1.-

1483 4087 1500 4114 ‘
1529 4085 1807 4146 Principes
1861 4081 2120 4144 utrimque
2168 4090 2390 4140 pugnam
2448 4078 2553 4126 cie·

1484 4163 1648 4212 bant:
1703 4159 1768 4209 ab
1806 4156 2009 4206 Sabinis
2053 4153 2277 4203 Mettius
2323 4151 2552 4215 Curtius,

1487 4241 1557 4290 ab
1590 4235 1838 4288 Romanis
1871 4233 2069 4282 Hostus
2105 4229 2379 4278 Hostilius.
2446 4232 2551 4282 Hic

1490 4331 1600 4366 rem
1626 4315 1911 4364 Romanam
1937 4309 2116 4371 iniquo
2140 4305 2254 4354 loco
2286 4302 2354 4353 ad
2387 4308 2554 4369 prima
