3023 4942
992 420 1087 465 nu
1135 416 1573 465 cAEsAmsus
1621 417 1782 464 cm».
1833 417 1912 464 x.
2414 401 2545 467 259

1262 667 1478 734 CAP.
1533 668 1635 733 X.

963 820 1031 867 T.
1080 818 1405 868 FcAvms
1452 818 2001 868 VESPAsrANUS.

436 946 501 1010 1.
535 947 910 1012 CETERUM
942 948 1188 1024 Titus,a
1217 954 1574 1030 postquam
1598 948 1947 1031 imperium
1973 946 2266 1030 adeptus
2300 950 2425 1024 est,
2445 948 2542 1011 in«

348 1049 852 1132 credibile[est]
878 1055 1441 1133 quantum,quem
1466 1050 1877 1128 imitabatur,
1888 1050 2231 1130 anteierit;
2266 1069 2542 1132 praeser-

348 1153 470 1215 tim
492 1152 709 1216 literis
728 1152 1209 1237 clementiaque
1240 1171 1321 1216 ac
1346 1152 1751 1216 muneribus.
1795 1152 1856 1215 2.
1883 1152 2186 1234 Denique
2215 1172 2370 1215 cum
2388 1172 2544 1216 con-

352 1273 552 1318 cessa
573 1275 693 1338 per
711 1256 970 1337 priores
998 1255 1333 1339 principes
1355 1253 1604 1318 firmari
1627 1254 1712 1316 ab
1742 1255 2250 1336 insequentibus
2275 1274 2422 1318 mos
2444 1275 2543 1318 es-

352 1355 515 1432 set,¹’
538 1357 732 1421 simul
750 1358 1123 1441 imperiumc
1142 1360 1344 1440 cepit,
1360 1358 1524 1423 talia
1548 1356 2048 1439 possidentibus
2066 1354 2320 1421 edictod
2344 1377 2544 1440 spon-

350 1467 447 1524 te⁶
464 1459 645 1524 cavit
673 1461 1184 1544 prospexitque.
1225 1462 1290 1525 3.
1323 1460 1566 1545 Neque
1596 1460 1809 1522 minus
1841 1469 2073 1525 sancte
2102 1460 2323 1525 facilis
2346 1460 2414 1522 in
2441 1468 2545 1523 tu-

357 1562 579 1639 endiS,
600 1563 715 1645 qui
742 1562 917 1627 forte
945 1562 1014 1626 in
1036 1583 1110 1627 se
1136 1564 1665 1646 conspirassent:
1693 1560 1861 1626 adeo
1884 1570 2117 1626 utcum
2140 1561 2547 1645 amplissimi

353 1660 649 1728 ordinisf
689 1663 822 1728 duo
868 1665 1161 1729 abnuere
1191 1666 1561 1746 cogitatum
1592 1663 1816 1727 scelus
1863 1665 2233 1747 nequirent,
2280 1662 2550 1727 Patres-

280 1780 294 1792 ·
353 1786 490 1849 que
533 1767 960 1830 censuissent
1013 1766 1097 1829 de
1142 1766 1479 1830 confessis
1526 1767 1933 1848 supplicium
1985 1765 2401 1837 sumendum,
2432 1766 2546 1829 de-

356 1868 598 1932 ductos
628 1869 698 1931 in
729 1869 1187 1951 spectaculum
1214 1875 1240 1912 8
1283 1887 1354 1931 se
1385 1866 1714 1951 utrimque
1737 1867 2029 1931 assidere
2046 1866 2276 1952 jussit,
2303 1869 2548 1950 petito-

353 1968 535 2054 queh
580 1991 669 2034 ex
700 1971 1030 2035 industria
1077 1970 1494 2051 gladiatoriS,
1527 1989 1813 2053 quorum
1860 1990 2102 2053 pugnae
2136 1971 2548 2044 visebantur,

356 2073 608 2155 gladio,
632 2074 829 2157 quasi
861 2071 950 2138 ad
979 2073 1474 2155 explorandam
1506 2074 1745 2150 aciem,
1769 2073 1887 2136 uni
1918 2080 2122 2155 atque
2150 2072 2339 2136 alteri
2369 2092 2545 2136 com-

353 2178 641 2239 mittere.
728 2177 794 2240 4.
843 2164 1017 2254 Quis
1063 2174 1422 2258 perculsiS,
1480 2181 1547 2239 et
1604 2176 2054 2239 constantiam
2110 2174 2498 2238 mirantibus
2531 2196 2548 2238 :

352 2276 734 2353 Videtisne,
765 2277 1006 2359 inquit,
1059 2272 1469 2359 potestatesi
1511 2275 1655 2340 fato
1685 2275 1851 2352 dari,
1903 2276 2274 2360 frustraque
2315 2277 2551 2339 tentari

1276 2424 1362 2444 OOC
1368 2423 1510 2445 0000&
1516 2425 1636 2445 0000*

424 2524 561 2574 ΟΑΡ.
587 2538 647 2574 x.
710 2529 743 2573 2
767 2525 987 2587 Denique
1001 2527 1113 2574 dum
1124 2524 1329 2574 Schott.
1353 2525 1549 2577 Gaesb.
1570 2521 1759 2589 Deipli.
1775 2525 2059 2575 Pium-3
2089 2523 2298 2574 Sanctus
2312 2529 2360 2573 et
2383 2522 2550 2584 facili·

353 2591 503 2640 malit
523 2590 704 2638 Arntz.
741 2592 864 2637 Mox
883 2606 1005 2654 amp.
1020 2591 1202 2639 ordinis
1213 2592 1319 2640 dico
1337 2590 1540 2642 Schott.
1551 2592 1745 2642 Gaesb.
1779 2592 1841 2639 In
1864 2606 2007 2655 seqq·
2023 2591 2250 2638 deductus
2267 2603 2358 2649 pro
2379 2591 2551 2638 ἀτόκο-

347 2662 423 2704 tos
441 2656 645 2705 Schott.
663 2654 858 2703 Gaesb.
875 2655 1065 2715 Delph.
1081 2656 1268 2705 Pitisc.
1312 2657 1445 2705 Tum
1469 2659 1484 2685 ‘
1502 2673 1600 2719 pro
1622 2672 1672 2707 se
1690 2656 1942 2719 utrimque,
1967 2669 2065 2703 non
2083 2664 2160 2701 est
2181 2669 2293 2702 enm
2314 2654 2549 2702 Grutero

355 2720 658 2769 mutandum
681 2734 862 2768 secum.-
896 2735 1030 2781 nam,
1054 2729 1111 2769 ut
1133 2724 1381 2771 Arntzen.
1407 2724 1513 2770 late
1539 2723 1796 2785 probavit,
1816 2727 1831 2749 ⁸
1852 2720 2076 2770 assidere
2096 2718 2110 2741 '
2134 2718 2229 2768 sibi
2254 2721 2407 2767 etiam
2426 2719 2552 2781 jun-

355 2800 483 2847 gere
514 2785 649 2833 solet
687 2793 924 2847 quartum
955 2799 1145 2843 casum,
1183 2794 1240 2833 ut
1280 2787 1511 2835 imitetur
1549 2789 1646 2834 vim
1684 2789 1889 2849 generis
1926 2785 2060 2845 apud
2103 2784 2319 2833 Graecos
2362 2784 2517 2831 medii
2537 2799 2551 2832 z

352 2851 595 2912 utrimque
617 2857 694 2897 est
731 2858 746 2879 ‘
761 2850 826 2898 ab
849 2857 1067 2913 utraque
1088 2853 1271 2910 pan-te.⁸
1337 2851 1534 2899 Forsan
1561 2862 1819 2913 praeterea
1841 2852 2120 2912 scripserat
2145 2849 2320 2897 Aurei.
2344 2850 2551 2903 Victor,

355 2949 371 2964 .
394 2946 410 2961 .
433 2948 448 2964 .
470 2916 587 2964 adeo
610 2919 684 2976 nt,
703 2929 808 2963 oum
833 2945 848 2962 .
869 2946 886 2963 .
906 2947 922 2961 .
943 2919 1193 2977 nequirent
1211 2950 1226 2965 .
1244 2946 1260 2961 .
1284 2945 1300 2961 .
1319 2918 1530 2965 assidere
1548 2918 1739 2977 :iubent
1760 2949 1775 2963 .
1795 2949 1810 2965 .
1836 2951 1849 2966 .
1866 2913 2218 2966 committeret!
2239 2914 2387 2964 Harl.
2420 2914 2551 2963 Mox

1344 3031 1555 3082 NOTAE

420 3134 445 3160 ⁸
480 3126 643 3189 Titus]
678 3126 963 3188 Imperium
987 3127 1237 3191 suscepit,
1261 3126 1413 3176 A.U.

359 3205 481 3251 831.
506 3213 624 3263 post
647 3203 707 3251 c.
725 3203 796 3253 N.
812 3206 896 3252 ⁷9.
915 3187 942 3208 ‘⁹

420 3277 444 3312 b
480 3280 591 3327 Mos
622 3277 766 3341 esset]
802 3278 851 3327 A
880 3277 1094 3328 Tiberio
1129 3279 1414 3328 institutus.

350 3356 572 3405 Sueton-
609 3369 728 3417 cap.
752 3359 804 3402 8.
836 3355 853 3383 ‘
875 3355 1075 3404 Natura
1110 3364 1285 3404 autem
1321 3356 1411 3404 be·

351 3432 822 3486 nevolentissimus,
866 3445 1002 3493 cum,
1049 3445 1130 3479 ex<
1166 3432 1413 3480 instituto

351 3507 569 3565 Tiberii,
590 3521 765 3555 omnes
786 3506 973 3556 dehinc
994 3507 1231 3557 Caesares
1259 3507 1412 3557 bene-

351 3584 496 3645 ficia,
520 3599 551 3632 a
578 3583 929 3649 superioribus
953 3597 1199 3634 concessa
1224 3585 1414 3648 princi·

351 3662 524 3727 pibus,
548 3662 700 3710 aliter
725 3667 841 3711 rata
859 3674 961 3710 non
980 3660 1239 3712 haberent
1259 3677 1413 3726 quam

350 3739 400 3787 si
438 3739 625 3786 eodem
668 3737 852 3787 iisdem
896 3745 954 3787 et
991 3738 1093 3801 ipsi
1133 3739 1414 3790 dedissent.

349 3815 566 3864 Primus
604 3814 871 3878 praeterita
901 3815 1070 3864 omnia
1095 3829 1197 3865 uno
1228 3815 1412 3868 confir·

351 3893 517 3942 mavit
553 3890 759 3942 edicto:
794 3906 893 3942 nec
926 3907 958 3942 a
993 3907 1050 3942 se
1084 3894 1196 3957 peti
1234 3909 1414 3958 passus

353 3967 474 4019 est!

416 4056 441 4081 ⁰
473 4047 632 4098 Simul
670 4045 943 4110 imperium]
998 4046 1106 4097 Pro
1146 4046 1414 4098 ‘simulam

350 4122 501 4186 imp.’
520 4127 620 4174 διο.
644 4123 721 4173 sic
741 4138 878 4186 saepe
903 4124 1089 4175 Horat.

417 4199 443 4234 ἅ
476 4200 673 4263 Edicto]
709 4200 871 4263 Cujus
894 4202 1131 4251 meminit
1146 4201 1274 4252 Dio.
1376 4233 1385 4241 -

418 4284 441 4310 ⁰
474 4276 677 4340 Sponte]
727 4277 913 4337 Uitr-03
955 4278 1022 4328 ‘a
1054 4291 1111 4327 se
1156 4279 1267 4343 peti
1309 4290 1413 4328 non

1494 3143 1674 3193 passus
1696 3127 1813 3178 est.'
1845 3128 2015 3191 Supra
2038 3126 2255 3176 Sueten.

1559 3204 1581 3237 ¹
1608 3205 1908 3268 Amplissimi
1928 3201 2133 3264 ordinis]
2158 3199 2223 3250 Id
2247 3205 2343 3254 est,
2369 3204 2386 3226 ‘
2401 3212 2549 3246 seus-

1492 3281 1665 3332 teriiss
1742 3282 1966 3330 Senatus
2018 3281 2154 3328 enim
2205 3274 2549 3340 amplissimus

1494 3360 1623 3409 ordo
1660 3358 1962 3407 vocabatur.
2007 3358 2185 3406 ‘Duos
2218 3352 2423 3418 patricii
2462 3367 2552 3415 ge-

1494 3432 1670 3497 neris,’
1701 3436 1846 3484 Suet.
1867 3449 1984 3496 cap.
2005 3437 2054 3482 9.

1559 3521 1586 3556 8
1619 3513 1861 3562 Deductus
1899 3505 2178 3574 [deductu]
2226 3505 2279 3555 in
2312 3509 2551 3567 spectacu-

1495 3587 1615 3651 lum]
1652 3587 1877 3638 Omnino
1910 3583 2184 3650 legendum
2208 3584 2465 3639 deducus,-
2498 3587 2553 3629 et

1495 3664 1573 3713 sic
1617 3663 1670 3711 in
1710 3663 1939 3725 Epitom.
2003 3660 2138 3711 Haec
2177 3659 2330 3709 aliter
2371 3663 2553 3706 narrat

1493 3740 1712 3790 Sueten.
1735 3752 1849 3801 cap.
1870 3741 1919 3787 9.

1561 3812 1585 3847 ¹²
1619 3811 1893 3876 Petitoque]
1927 3810 2118 3863 Melius
2153 3812 2368 3860 Sueton.
2402 3817 2416 3837 ¹
2437 3806 2549 3859 Ob·

1493 3891 1603 3940 lata
1632 3891 1732 3940 sibi
1765 3895 2069 3938 ornamenta
2104 3888 2441 3951 pugnantium
2475 3885 2551 3932 in-

1493 3967 1761 4033 spicienda
1795 3965 2026 4030 porrexit
2041 3962 2077 4013 ι’
2109 3964 2176 4013 de
2210 3977 2380 4012 more:
2417 3961 2549 4008 sole-

1492 4044 1623 4093 bant
1659 4043 1794 4092 enim
1829 4041 2021 4090 editori
2052 4039 2252 4102 gladios
2282 4035 2552 4097 exhibere,

1492 4131 1555 4172 ut
1580 4121 1781 4169 videret
1800 4119 1995 4168 satisne
2015 4119 2190 4165 ’esseut
2213 4114 2372 4164 acuti.

1559 4198 1574 4232 ¹
1610 4196 1907 4260 Potestates]
1957 4195 1975 4223 ⁸
1998 4189 2390 4257 Principum!
2420 4189 2548 4241 Sue-

1493 4282 1608 4326 ton.
