3023 4942
462 338 554 406 '78

466 504 772 573 testatur,
810 498 997 582 'quod
1028 497 1385 581 auspicato
1429 496 1772 560 Romulus
1802 516 1890 559 ex
1922 515 2046 559 suo
2072 495 2345 560 nomine
2376 494 2669 561 Romam

466 602 777 681 vocavit3
820 621 1107 683 cumque
1137 601 1424 665 muniret
1451 600 1812 676 moenibus,
1858 597 2093 676 edixit,
2122 618 2206 662 ne
2237 598 2389 681 quis
2419 598 2668 666 vallum

465 704 849 780 transiliret,
892 703 1075 787 quod
1121 702 1385 768 Remus
1434 701 1716 765 irridens
1760 701 2141 780 transilivit,
2184 710 2256 764 et
2306 721 2349 765 a
2379 700 2623 765 Celere
2645 709 2672 750 Ρ

467 807 879 882 centurione,
908 812 1083 872 rutro
1128 806 1383 870 ferturq
1434 804 1725 870 occisus„
1817 801 2147 868 Romulus
2198 802 2459 887 asylum
2512 822 2668 867 con·

467 908 685 981 venis,
712 910 858 973 8112.r

769 353 831 403 S.
878 351 1067 403 Aua.
1116 352 1312 401 vlcr.
1362 352 1486 400 on.
1535 351 1758 399 esi-vr.
1810 351 1993 399 nou.
2084 351 2247 399 cap.
2290 335 2401 401 23.

1384 1005 1593 1026 eece-eoo
1602 1006 1748 1025 oceo&

466 1137 563 1178 am,
592 1122 671 1186 (h.
704 1137 751 1173 e.
788 1129 1077 1172 nostrarum
1117 1128 1287 1171 rerum
1310 1123 1594 1185 historiam,
1621 1137 1677 1171 v.
1700 1123 1934 1172 Cot-tium
1963 1122 2028 1172 ad
2052 1122 2119 1171 B.
2137 1122 2261 1185 Jng.
2295 1135 2371 1171 tv.
2399 1120 2473 1184 1.)
2488 1123 2671 1184 procla-

465 1202 602 1236 mans
621 1188 701 1251 (h.
740 1202 788 1236 e.
821 1203 917 1250 pro
950 1188 1084 1237 illius
1108 1188 1205 1236 aevi
1240 1189 1546 1249 Latinitate,
1586 1202 1819 1245 narrans,
1854 1186 2303 1251 commemorans).
2366 1187 2671 1249 Suspicatur

467 1266 670 1315 quoqne
706 1267 1001 1315 propagans:
1032 1253 1178 1302 malit
1202 1261 1375 1305 tamen
1412 1256 1674 1313 vulgatam
1711 1254 1962 1316 retinere,
1994 1261 2110 1301 ntut
2146 1268 2322 1316 parum
2361 1253 2672 1312 elegantem,

467 1316 784 1367 lectionem.’
815 1319 962 1368 Harl.
1030 1319 1158 1368 Post
1180 1324 1316 1367 rutro
1344 1319 1463 1369 edd.
1489 1320 1689 1369 Schott.
1721 1319 1912 1368 Gaesb.
1947 1318 2137 1379 Deiph.
2161 1319 2355 1368 Pitisc:
2379 1319 2453 1366 vel
2484 1318 2671 1367 rastro:

467 1382 561 1432 sed
583 1384 724 1434 uncis
746 1384 958 1432 inclusit
977 1398 1041 1433 ea
1064 1384 1222 1433 verba
1240 1384 1437 1435 Gaesb.
1502 1385 1639 1435 Vide
1662 1393 1772 1434 not.
1796 1384 1983 1449 Delph.
2006 1382 2096 1435 inf.

1464 1529 1680 1580 NOTAE

467 1624 647 1676 fratris
659 1625 880 1675 Remum
901 1640 1059 1675 novos
1081 1627 1401 1677 transiluisse
1421 1642 1533 1677 mu-

472 1717 584 1751 rost
610 1702 745 1750 unde
769 1703 833 1749 ab
858 1703 993 1752 irato
1018 1703 1239 1753 Romulo
1258 1705 1398 1769 (cum
1418 1719 1533 1753 ver·

470 1776 552 1826 bis
577 1791 778 1841 quoque
803 1778 1119 1840 increpitans
1139 1779 1437 1844 adjecisset,
1457 1782 1534 1830 sic

472 1852 663 1902 deinde
717 1852 1027 1916 quicumque
1087 1855 1214 1904 alius
1271 1857 1535 1906 transiliet

467 1929 659 1979 moenia
681 1927 822 1992 mea)
846 1927 1217 1980 interfectum!

537 2013 565 2048 Ρ
597 2006 642 2055 Δ
684 2006 868 2069 Celere]
916 2004 964 2054 A
1012 2006 1186 2065 Fabio,
1229 2008 1315 2072 qui
1352 2016 1536 2072 postea

473 2081 629 2133 Celer
653 2082 841 2129 dictus.

536 2166 561 2201 ‘¹
597 2158 755 2208 Rutro
771 2156 942 2218 fertur
961 2158 1137 2224 [ναίω.
1155 2161 1230 2210 vel
1246 2165 1402 2210 rastro
1423 2159 1531 2220 fer·

470 2235 579 2298 tar]
600 2236 767 2285 Immo
784 2243 938 2292 rutra,
963 2250 1067 2285 nou
1088 2242 1264 2293 natm.
1311 2237 1533 2288 Rutrum

472 2331 506 2365 a
539 2316 758 2378 ruendo,
795 2316 931 2380 quod
968 2331 1034 2365 eo
1076 2324 1269 2366 terram
1304 2325 1535 2368 ruerent.

471 2391 543 2442 Et
566 2393 716 2454 longe
738 2391 873 2440 aliud
893 2399 1131 2440 rastrum.

539 2475 559 2501 ¹·
592 2468 823 2518 Romulus
842 2470 1026 2532 asylum
1045 2468 1282 2532 convenis,
1299 2467 1405 2535 &et-⁴]
1428 2470 1537 2521 Hic

475 2542 669 2594 desinit
700 2546 851 2610 hujus
880 2545 1042 2595 libelli
1074 2555 1277 2609 auctor,
1305 2546 1394 2596 abi
1420 2547 1537 2597 Viri

1613 1628 1853 1677 Illustres
1888 1626 2153 1678 exordium
2192 1631 2431 1685 sumnum
2473 1625 2517 1674 is
2560 1632 2672 1675 tan·

1613 1712 1722 1753 tum
1758 1718 1873 1768 qum
1914 1703 1981 1751 de
2023 1703 2192 1751 Proca
2232 1709 2289 1750 et
2325 1701 2501 1764 Sylvia
2538 1699 2671 1749 infra

1612 1782 1859 1844 leguntur
1883 1778 2097 1842 repetit,
2118 1776 2311 1842 quippe
2334 1792 2453 1841 quae
2481 1776 2547 1825 ad
2573 1777 2671 1825 Re-

1614 1872 1752 1906 mum
1773 1864 1827 1905 et
1847 1856 2117 1905 Romulum
2143 1853 2485 1918 pertinerent.
2520 1853 2673 1902 Unde
2732 1891 2747 1915 ;

1615 1943 1834 1996 augetur
1877 1932 2100 1994 suspicio
2143 1931 2375 1980 libellum
2416 1931 2555 1980 hunc
2606 1930 2672 1979 ab

1615 2012 1713 2061 alio
1770 2010 2025 2074 scriptore
2080 2006 2390 2072 profectum.
2477 2007 2672 2059 Quidni

1610 2088 1748 2137 enim
1783 2087 1867 2135 hic
1898 2100 2003 2134 una
2031 2085 2163 2133 serie
2188 2089 2451 2148 pergeret,
2472 2082 2515 2131 si
2537 2081 2670 2131 idem

1612 2165 1792 2213 ambos
1846 2161 2182 2224 scripsisset?
2263 2158 2368 2209 Sed
2425 2166 2675 2208 notarunt

1614 2243 1711 2290 viri
1727 2240 1868 2290 docti
1892 2238 2113 2302 primum
2126 2238 2371 2286 Virorum
2389 2236 2674 2286 Illustrium

1618 2325 1780 2381 caput
1843 2316 1910 2365 de
1966 2317 2135 2366 Proca
2176 2330 2208 2363 a
2249 2314 2367 2364 MS.
2409 2311 2673 2373 abfuiss03

1618 2392 1935 2458 sequebatur
1987 2393 2123 2442 enim
2189 2396 2448 2455 perpetua
2520 2389 2675 2448 serie,

1619 2478 1634 2500 ‘
1652 2473 1899 2523 Romulus
1915 2471 2113 2536 asylum
2128 2468 2374 2522 convenis
2390 2465 2680 2534 patefecit‚’

1616 2550 1715 2599 ἃς.
