3023 4942
859 403 957 450 ΒΕ
1005 403 1211 452 vitus
1261 402 1766 454 lenusrmnus
1815 407 1981 454 cAr.
2026 408 2109 457 11.
2483 389 2579 455 85.

361 546 641 611 Plebem
688 545 756 609 in
795 547 1057 629 triginta
1102 548 1324 613 curias
1370 549 1728 628 distribuit,
1759 569 2015 636 easque
2045 548 2422 633 raptarumi
2450 571 2570 615 no-

359 650 658 712 minibus
687 649 1077 732 appellavit.
1168 650 1275 713 13.
1323 650 1494 715 Cum
1522 651 1610 714 ¹ad
1640 649 1884 735 Caprae
1916 652 2227 736 paludem
2250 648 2276 686 ¹³
2310 654 2568 717 exerci-

361 741 502 815 tum
553 752 905 829 lustraret,
935 771 1267 834 nusquam
1308 753 1729 836 comparuit:
1774 753 1951 817 unde
1998 755 2167 818 inter
2205 752 2448 818 Patres
2496 762 2569 834 et

357 853 687 937 populum
727 846 1064 917 'seditione
1114 859 1278 931 orta,
1330 853 1559 918 Julius
1608 854 1969 932 Proculus,
2022 856 2124 918 vir
2173 854 2447 933 nobilis,
2496 859 2567 920 in

361 954 754 1018 concionem
805 946 1157 1039 processit,
1188 960 1254 1019 et
1294 955 1734 1039 jurejurando
1779 956 2088 1033 firmavit,
2121 956 2490 1021 Romulum
2524 978 2568 1023 a

358 1076 437 1120 se
490 1057 563 1120 in
616 1057 806 1121 colle·
842 1055 1224 1135 Quirinali¹
1272 1059 1495 1122 visum
1549 1062 1939 1139 augustior-e
1987 1059 2266 1135 forma,¹¹¹
2297 1079 2446 1123 cum
2476 1060 2570 1124 ad

358 1153 555 1222 Deos
587 1160 843 1240 abiret3
888 1159 1302 1243 eundemque
1335 1160 1729 1242 praecipere,
1770 1165 1846 1223 ut
1889 1160 2329 1224 seditionibus
2360 1163 2565 1226 absti-

357 1267 617 1333 nerent,
662 1262 976 1325 virtutem
1026 1263 1354 1328 colerent:
1426 1261 1749 1340 futurum,
1806 1270 1879 1325 ut
1929 1264 2221 1326 omnium
2271 1263 2564 1344 gentium

359 1362 618 1427 domini
678 1365 1065 1428 existerent.
1154 1364 1261 1429 14.
1330 1364 1559 1449 Hujus
1615 1365 2000 1430 auctoritati
2060 1365 2383 1429 creditum
2434 1371 2562 1429 est.

359 1465 572 1529 AEdes
601 1466 671 1529 in
700 1466 875 1530 colle
928 1466 1266 1545 Quirinali
1301 1463 1596 1531 Romulo
1642 1469 2051 1545 constituta,
2071 1468 2221 1550 ipse
2251 1486 2375 1550 pro
2409 1466 2564 1531 Deo

360 1569 606 1646 cultus,
639 1575 706 1634 et
732 1567 1058 1647 Quirinus
1083 1575 1196 1634 est
1218 1569 1662 1653 appellatus.¹²

1290 1717 1319 1735 Ο
1323 1716 1351 1734 O
1354 1717 1654 1739 ‘nomn

358 1814 660 1864 uenit—12
684 1815 887 1864 Nomine
911 1829 1003 1877 pro
1024 1815 1293 1864 nominibus
1315 1822 1438 1864 ante
1463 1814 1664 1864 Schott.
1686 1813 1975 1877 legebatur.
2034 1813 2059 1841 ⁴
2078 1813 2191 1877 Ego
2212 1811 2369 1861 verba
2391 1827 2566 1877 easque

354 1884 546 1942 raptum
578 1895 704 1929 nom.
735 1881 1011 1943 apellavit,
1037 1896 1152 1945 quae
1175 1881 1360 1929 absunt
1382 1895 1411 1927 a
1435 1894 1510 1929 lv.
1536 1880 1691 1929 codd.
1713 1894 1777 1928 ex
1802 1880 1948 1928 Livio
1975 1879 2142 1929 aliove
2178 1880 2433 1941 scriptore
2458 1881 2569 1943 pri·

359 1958 496 1992 mum
521 1946 741 2007 margini
767 1946 1046 2006 adscripta,
1071 1946 1190 1993 dein
1215 1960 1246 1994 a
1268 1944 1526 1995 librariis
1515 1959 1566 1992 m
1604 1952 1804 1994 textum
1831 1954 2045 2007 recepta
2077 1945 2425 1994 crediderim·
2461 1959 2562 1994 nec

359 2010 538 2071 placet
559 2010 647 2057 illa
670 2011 879 2058 iteratio
903 2010 992 2058 τοῦ
1025 2008 1314 2072 adpellavit!
1355 2010 1500 2059 Harl.
1503 2012 1684 2058 --13ι
1705 2012 1900 2071 Capreoe
1925 2018 2031 2058 tres
2055 2010 2187 2059 Mss.
2212 2020 2265 2059 et
2289 2024 2484 2064 omnes,
2519 2011 2567 2058 si

357 2089 386 2122 a
407 2074 701 2124 Machaneo
726 2075 1031 2135 decesseris,
1057 2083 1255 2124 veteres
1276 2074 1395 2125 edd.
1431 2075 1722 2139 Utrumque
1738 2076 1943 2138 quidem
1963 2083 2110 2124 recte
2135 2065 2236 2123 dici
2261 2075 2565 2125 existimant

355 2140 451 2188 viri
489 2140 663 2200 docti3
704 2154 881 2188 verum
920 2141 1017 2187 hoc
1050 2141 1428 2189 observandum
1465 2141 1583 2200 erit,
1619 2139 1849 2217 quamvis
1874 2148 2146 2204 utrumque
2170 2140 2224 2187 in
2247 2139 2377 2188 Mss.
2407 2138 2564 2191 codd.

343 2213 615 2260 occurrat,
651 2207 875 2266 optimos
917 2213 1087 2253 tamen
1122 2221 1185 2253 ex
1224 2206 1284 2253 iis
1326 2213 1381 2253 et
1421 2205 1877 2268 praestantissimos
1910 2205 2022 2254 fere
2067 2206 2240 2267 Caprae
2277 2203 2565 2265 praeferre!

356 2269 529 2320 Arntz.
595 2270 737 2331 Apud
761 2284 852 2332 pro
874 2272 937 2319 ad
959 2272 1117 2319 etiam
1142 2276 1265 2318 ante
1290 2269 1492 2318 Schott.
1516 2271 1802 2331 legebatur.
1866 2271 2150 2331 ‘Nusquam
2169 2270 2432 2332 comparuit
2453 2284 2561 2316 ma·

349 2334 460 2383 lim.
532 2335 789 2396 Nunquam
814 2336 1020 2398 quidam
1057 2335 1194 2395 libri,
1220 2333 1395 2382 male!
1426 2334 1611 2382 Schott.
1678 2334 1997 2383 ‘Posteriori
2023 2340 2197 2382 tamen
2222 2335 2373 2382 modo
2399 2334 2560 2382 Fran.

347 2407 407 2448 et
444 2399 593 2448 Leid.
615 2405 663 2448 2.
699 2398 753 2448 e't
789 2416 908 2463 mag
912 2414 976 2448 na
1010 2414 1128 2475 pars
1154 2370 1431 2462 e'ditorum,
1455 2401 1621 2448 minus
1657 2397 1825 2448 bene?
1863 2398 2036 2447 Arntz.
2101 2398 2420 2447 ‘Contionem
2458 2398 2559 2449 Ed.

354 2479 431 2528 pr.
486 2466 626 2514 solus
656 2464 803 2514 Leid.
824 2470 875 2515 2.
876 2417 964 2514 get
988 2465 1064 2514 sic
1087 2464 1374 2527 depravate
1413 2465 1499 2514 alii
1549 2465 1668 2514 alibi
1703 2463 1856 2514 codd.
1895 2480 1926 2513 a
1965 2463 2147 2528 quibus
2187 2474 2330 2513 recte
2367 2478 2398 2511 a
2436 2463 2560 2512 viris

351 2530 523 2579 doctis
555 2530 838 2579 discessum
863 2530 978 2578 est.’
1012 2531 1186 2580 Arntz.
1257 2530 1407 2590 Mox,
1426 2530 1636 2590 =yur-undo
1661 2530 1830 2592 Lugd.
1850 2534 1898 2578 2.
1923 2536 2055 2578 teste
2080 2528 2262 2577 Arntz.
2331 2528 2564 2587 ‘Augus-

351 2596 523 2645 tiorem
544 2595 911 2658 sormoeLugd.
946 2600 991 2644 1.
1039 2595 1316 2656 angustiore
1349 2565 1498 2645 Fran.
1531 2593 1808 2645 obtrudit.'
1844 2594 2020 2643 Arntz.
2088 2595 2201 2642 ‘Ad
2224 2594 2354 2642 Deos
2390 2594 2564 2642 abiret.

353 2659 462 2708 Pro
494 2660 668 2718 abiret,
691 2659 853 2708 Aldus
877 2660 1028 2708 obiret
1051 2659 1285 2709 excudit.
1291 2659 1306 2682 '
1328 2659 1518 2709 Schott.
1584 2662 1698 2709 ‘Ex
1719 2675 1818 2724 qua
1840 2658 1962 2708 Aldi
1987 2657 2070 2707 ed.
2093 2659 2194 2708 hoc
2218 2658 2450 2720 petierit,
2484 2661 2562 2720 ig-

352 2738 498 2785 noro,
518 2739 636 2774 cum
661 2739 775 2772 mea
798 2724 989 2773 Aldina
1011 2725 1165 2774 abiret
1185 2725 1459 2786 exprimat.
1491 2724 1668 2774 Adiret
1693 2726 1920 2787 legitur
1907 2739 1961 2772 m
1985 2723 2152 2787 Lugd.
2175 2728 2224 2772 2.
2246 2723 2381 2786 quod
2401 2722 2560 2772 etiam

350 2803 540 2838 vanum
582 2796 680 2837 est.
745 2790 852 2838 Pro
894 2804 1002 2853 seq.
1025 2793 1306 2852 eundemque
1339 2789 1495 2837 habet
1526 2791 1590 2838 Β.
1628 2791 1767 2868 [cum
1792 2789 1940 2852 Ald.]
1978 2803 2084 2837 eum
2111 2787 2345 2863 denique?
2380 2787 2563 2836 Arntz.

351 2855 432 2904 ‘A
452 2854 764 2903 seditionibus
796 2855 965 2902 edidit
995 2855 1169 2903 Mach.
1236 2853 1337 2902 Sed
1364 2854 1547 2918 reliqui
1569 2856 1752 2917 scripti
1777 2854 2028 2918 (excepto
2055 2853 2150 2916 H.)
2173 2860 2229 2900 et
2253 2852 2487 2915 impressi
2508 2858 2562 2901 ut

347 2918 700 2969 seditionem!
725 2920 905 2968 Arntz.
982 2919 1050 2967 Ut
1071 2920 1343 2968 aseditionc
1364 2919 1486 2968 edd.
1502 2928 1624 2967 ante
1643 2921 1847 2970 Schott.
1852 2922 1982 2966 —14
2005 2918 2229 2968 Quidam
2253 2918 2390 2978 libri
2419 2925 2557 2966 teste

344 2985 556 3034 Schott.
577 2984 862 3032 auctoritate
887 2986 1084 3046 legunt.
1149 2984 1477 3045 ‘.Appellatus
1519 2987 1636 3033 Non
1656 2987 1837 3034 celabo
1864 2985 2112 3032 lectorem
2129 2983 2215 3032 hic
2234 2983 2419 3033 eadem
2444 2996 2550 3032 ma·

350 3064 421 3099 nu
442 3048 723 3112 ascriptum
746 3052 796 3099 iu
822 3050 953 3098 Mss.
974 3064 1125 3099 omn..
1144 3049 1387 3110 Regnavit
1410 3065 1557 3098 annos
1577 3048 1692 3099 XX
1692 3051 1750 3099 X
1757 3048 1900 3100 VIL'
1934 3049 2138 3098 Schott.

1347 3168 1562 3226 NOTAE

351 3269 667 3318 Ramnenses
713 3281 743 3314 a
786 3266 1023 3325 Romulo,
1067 3266 1313 3327 Luceres,
1353 3274 1412 3316 ut
1492 3274 1591 3316 est.
1671 3269 1810 3318 Nam
1853 3267 1943 3318 illa
1999 3267 2139 3317 aedes
2181 3274 2300 3331 post
2350 3267 2571 3316 Romuli»

350 3346 423 3393 ait
444 3344 654 3398 Junius,
677 3358 707 3392 a
732 3342 1053 3390 Lucumone.
1111 3341 1216 3390 Sed
1241 3342 1413 3390 omnia
1491 3352 1711 3392 mortem
1764 3345 1960 3406 dicata,
2004 3359 2147 3392 mons
2185 3351 2358 3391 autem
2399 3351 2560 3392 antea

348 3418 462 3469 haec
485 3418 740 3468 vocabula
770 3418 959 3477 Tusca,
996 3426 1053 3465 ut
1084 3418 1412 3481 Volumnius,
1494 3420 1780 3469 Quirinalis
1803 3420 1988 3469 dictus.
2030 3420 2220 3468 Melius
2247 3420 2331 3483 qui
2357 3435 2387 3467 a
2411 3419 2559 3467 Curi-

350 3496 440 3560 qui
462 3494 745 3557 tragoedias
776 3493 974 3541 Tuscas
1010 3494 1240 3555 scripsit,
1268 3494 1412 3543 dice·
1492 3494 1587 3543 bus
1611 3495 1813 3544 Sabinis
1836 3495 2032 3544 dictum
2058 3497 2292 3545 tradunt.
2328 3494 2480 3543 Idem
2504 3501 2559 3544 et

349 3571 482 3622 bat.’
550 3571 654 3619 Alii
676 3571 821 3619 aluei
852 3569 1169 3618 communione
1191 3569 1412 3619 Luceres.
1493 3569 1746 3632 Agmine,
1773 3572 1851 3620 vel
1874 3572 2106 3634 agonalis
2130 3572 2322 3619 dictus.

347 3648 483 3696 Vide
505 3648 740 3696 Festum.
1500 3703 1504 3708 ¹
1551 3646 2079 3710 mAugustioresm-ma]
2095 3645 2561 3709 Augustiore,quip·

415 3725 430 3759 ¹
464 3723 651 3786 Easque
682 3722 949 3785 raptarum]
985 3720 1132 3769 Idem
1171 3721 1282 3770 Liv.
1318 3721 1407 3771 lib'.
1491 3737 1561 3785 pe
1588 3724 1728 3771 Deus
1743 3725 1852 3784 jam
1875 3722 2062 3771 factus.
2125 3723 2212 3772 Sic
2241 3725 2424 3772 Florus
2450 3736 2488 3772 1.
2511 3728 2561 3772 Ι.

350 3815 393 3850 1.
442 3801 548 3849 Sed
582 3806 763 3849 contra
793 3798 1062 3848 Plutarch.
1094 3798 1148 3847 in
1184 3797 1407 3848 Romulo
1489 3800 1505 3826 ‘
1529 3798 1710 3846 Visum
1735 3813 1766 3846 a
1790 3813 1846 3846 se
1871 3799 2150 3847 Romulum
2180 3797 2442 3848 affirmans
2467 3814 2555 3849 au·

349 3882 404 3926 et
428 3875 705 3939 Dionysius
728 3873 816 3922 lib.
842 3887 905 3923 11.
1488 3875 1719 3936 gustiore
1743 3872 1911 3924 forma
1933 3890 2084 3938 quam
2109 3873 2328 3924 fuisset)

412 3952 439 3985 k
470 3952 549 4001 Ad
573 3951 744 4013 Caprae
761 3947 1002 4012 paludem]
1035 3949 1199 4000 Juxta
1222 3949 1404 3999 urbem
1553 3959 1577 3982 ¹¹
1614 3951 1846 4006 Quirinus
1879 3956 1951 3999 est
1987 3950 2270 4014 appellatus]
2318 3951 2459 4001 Hinc
2494 3958 2552 4002 et

351 4027 511 4081 Ovid.
534 4035 592 4077 et
619 4028 802 4076 Florus
829 4026 1025 4088 Capreoe
1047 4034 1253 4076 vocant.
1320 4029 1405 4077 Li·
1484 4025 1772 4077 Quirinalia
1787 4026 2042 4080 instituta,
2059 4027 2160 4074 alio
2183 4024 2388 4074 nomine
2413 4027 2543 4076 stul-

350 4106 461 4154 vius
501 4106 693 4168 Coproe,
732 4110 788 4152 et
824 4109 1100 4167 utrumque
1138 4103 1243 4153 dici
1278 4103 1402 4154 Plu·
1484 4109 1656 4152 torum
1682 4103 1818 4152 festa
1848 4115 1978 4152 xm.
2010 4101 2135 4151 Kal.
2169 4101 2327 4150 Mart.
2361 4101 2412 4148 iu
2438 4109 2546 4152 vet.

348 4183 730 4232 tarcb.anctor.
1486 4179 1806 4228 Kalendario
1843 4178 2001 4227 Rom.
2042 4186 2097 4227 et
2136 4176 2328 4226 Ovidio
2364 4177 2458 4228 lib.
2496 4192 2547 4228 ιι

416 4257 431 4290 ¹
459 4258 523 4306 In
562 4257 678 4305 colle
715 4254 1002 4318 Quirinum·
1028 4255 1117 4306 Sic
1160 4255 1304 4305 dicta
1340 4256 1405 4306 ab
1489 4257 1626 4304 Fast.
1647 4255 1712 4304 In
1733 4252 2559 4317 apotheosiquoqnenominamu-

351 4333 464 4385 aede
508 4332 714 4386 Quirini
749 4331 909 4382 Ovid.
946 4345 1009 4382 11.
1072 4333 1179 4383 Sed
1221 4331 1408 4383 falsum
1491 4330 1595 4381 tari
1611 4331 1765 4381 solita
1781 4327 2391 4380 Lactantiushincdocet
2409 4343 2450 4379 1.
2473 4336 2555 4382 15.
