3023 4942
501 371 594 439 66
1091 386 1322 435 sexu
1371 372 1699 436 anast-n
1753 387 2108 436 vrci-oms

505 534 860 608 teneretur,
912 530 1134 596 Latini
1188 530 1456 612 legatos
1508 530 1598 594 ad
1647 528 2054 595 Mezentium
2108 533 2435 598 miserunt
2486 533 2718 598 scisci·-

505 640 744 708 anunm,
788 652 920 716 qua
968 632 1352 697 conditione
1392 633 1463 696 in
1509 631 1927 697 deditionem
1973 654 2091 697 eos
2134 636 2442 718 accipere
2485 635 2721 714 vellet3

506 755 789 819 cumque
829 737 941 800 ille
987 737 1158 799 inter
1201 737 1338 800 alia
1383 755 1669 799 onerosa
1713 736 1880 799 illud
1933 756 2198 820 quoque
2251 735 2602 820 adjiceret,
2645 746 2721 801 ut

506 858 702 902 omne
756 840 985 901 vinum
1031 838 1173 931 agri
1218 837 1445 901 Latini
1488 837 1750 920 aliquot
1792 838 1986 901 annis
2031 839 2165 902 sibi
2205 839 2601 918 inferretur3
2649 839 2717 904 3.

504 941 795 1005 consilio
848 948 1052 1022 atque
1106 939 1504 1003 auctoritate
1555 938 1835 1004 Ascanii
1886 939 2148 1022 placuit
2200 942 2288 1004 ob
2339 942 2720 1006 libertatem

501 1044 671 1107 mori
719 1043 974 1126 potiuS‚
1024 1061 1227 1125 quam
1280 1042 1397 1106 illo
1443 1042 1646 1139 modo
1693 1044 2088 1106 servitutem
2136 1044 2382 1107 subire.
2472 1043 2720 1128 Itaque

501 1146 666 1210 vino
697 1165 787 1210 ex
820 1144 1001 1209 omni
1031 1144 1374 1210 vindemia
1403 1144 1449 1209 J
1455 1146 1609 1207 ovi¹²
1652 1146 1924 1227 publice
1957 1152 2119 1209 voto
2160 1152 2717 1229 consecratoque,

502 1247 729 1312 Latini
787 1250 953 1312 urbe
1017 1252 1402 1331 eruperunt,
1461 1247 1756 1330 fusoque
1820 1248 2162 1330 praesidio‚
2222 1249 2717 1330 interfectoque

502 1349 761 1425 Lauso,
796 1351 1200 1415 Mezentium
1242 1349 1473 1431 fugam
1516 1349 1738 1414 facere
1770 1349 2156 1433 coegerunt.
2245 1355 2309 1414 4.
2356 1348 2430 1412 Is
2472 1356 2719 1432 postea

502 1472 627 1536 per
670 1454 932 1536 legatos
973 1452 1337 1517 amicitiam
1389 1451 1921 1537 societatemque
1969 1453 2356 1517 Latinorum
2376 1478 2382 1483 ·
2402 1451 2716 1533 impetra·

503 1556 626 1633 vit,
677 1564 753 1619 ut
804 1557 1004 1620 docet
1048 1554 1278 1620 Julius
1329 1553 1607 1619 Caesar⁰
1656 1554 1776 1618 lib.
1823 1572 1874 1616 1.
1921 1555 2211 1637 itemque
2263 1552 2489 1617 Aulus
2541 1552 2718 1617 Pos-

500 1658 794 1722 tumius?
822 1659 889 1721 in
917 1677 1000 1721 eo
1023 1657 1382 1734 volumine,
1400 1656 1581 1739 quod
1611 1656 1699 1719 de
1729 1656 2022 1721 adventu
2042 1658 2282 1721 AEneae
2313 1658 2719 1739 conscripsit

501 1766 707 1843 atque
744 1760 983 1823 edidit.
1073 1763 1138 1821 5.
1186 1758 1399 1839 Igitur
1436 1758 1667 1821 Latini
1696 1756 2072 1823 Ascanium
2106 1759 2196 1821 ob
2223 1758 2555 1840 insignem
2587 1759 2718 1822 vir·

505 1866 713 1924 tutem
761 1880 898 1924 non
942 1862 1159 1924 solum
1202 1860 1382 1925 Jove
1428 1867 1647 1923 ortum
1693 1860 2137 1936 crediderunt,
2186 1860 2303 1923 sed
2350 1861 2551 1923 etiam
2599 1879 2719 1943 per

505 1963 1034 2040 diminutionem,
1078 1962 1412 2026 declinato
1458 1961 1808 2043 paululum
1851 1962 2142 2037 nomine,
2187 1963 2401 2044 primo
2451 1961 2715 2039 Iobum,

504 2063 658 2127 dein
691 2072 934 2147 postea
965 2065 1181 2128 Iulum
1201 2071 1227 2109 ‘³
1270 2062 1734 2146 appellarunt3
1781 2082 1823 2126 a
1852 2083 1986 2146 quo
2014 2062 2060 2127 J
2066 2063 2205 2126 ulia
2237 2063 2533 2127 familia*
2577 2082 2716 2127 ma·

500 2168 725 2246 navit3
770 2175 847 2234 ut
877 2168 1181 2232 scribunt
1212 2165 1447 2230 Caesar
1474 2165 1594 2229 lib.
1631 2182 1717 2230 11.
1748 2171 1813 2229 et
1844 2165 2014 2230 Cato
2044 2165 2112 2229 in
2144 2164 2563 2248 Originibus.

1426 2344 1701 2365 “NON“
1705 2345 1794 2364 m

569 2464 707 2516 Cae.
729 2479 825 2515 xv.
869 2467 902 2513 4
940 2460 1146 2513 ‘Lucius
1171 2462 1353 2512 Caesar.
1406 2463 1536 2513 Post
1561 2461 1735 2527 paullo
1762 2464 1911 2513 Caius
1932 2464 2116 2520 Coesar,
2134 2471 2188 2512 et
2212 2461 2343 2512 infra
2365 2464 2533 2514 Julius
2553 2464 2714 2516 nomi·

499 2538 683 2579 natur:
720 2545 876 2593 quare
901 2543 1085 2577 vereor
1109 2535 1168 2576 ut
1207 2536 1353 2577 recte
1384 2529 1575 2577 babeat
1615 2531 1810 2591 scripta
1843 2531 2022 2585 lectio,
2047 2529 2424 2593 legendumque
2462 2532 2530 2578 sit
2552 2530 2719 2579 Julius

506 2596 689 2644 Coesar.
758 2596 917 2645 Certe
942 2594 1185 2655 proclivis
1203 2607 1370 2652 error,
1394 2594 1650 2643 traductis
1675 2595 1902 2642 nonnihil
1928 2596 2092 2643 literis
2112 2609 2261 2657 paene
2285 2593 2506 2642 iisdem.'
2526 2594 2714 2644 Schott.

505 2669 560 2709 et
585 2660 718 2723 Syllo.
798 2661 814 2688 ‘
836 2659 1026 2708 Edidit.
1065 2659 1149 2706 Ita
1176 2659 1350 2720 recepi
1375 2672 1439 2706 ex
1471 2660 1776 2721 conjectura
1794 2660 2018 2724 Schotti‚
2042 2675 2191 2720 quam
2217 2660 2267 2708 in
2295 2662 2526 2721 margine
2552 2660 2714 2725 adpo·

498 2734 696 2774 suerat.
759 2724 1049 2785 Vulgatum'
1078 2723 1212 2772 dedit
1245 2722 1322 2785 sm
1352 2723 1555 2772 Sebott.
1595 2722 1789 2773 Gaesb.
1820 2724 2009 2786 Delpb.
2036 2725 2221 2773 Pitisc.
2258 2724 2490 2787 obvium]
2522 2726 2715 2774 nemini

499 2790 659 2840 credo
682 2787 1006 2840 satisfaciet.'
1043 2790 1372 2838 Aratum—5
1404 2788 1541 2837 Filia
1574 2803 1671 2852 pro
1689 2788 1889 2848 familia
1920 2790 2125 2840 Schott.
2160 2790 2357 2840 Gaesb.
2400 2790 2593 2855 Delpb.
2623 2791 2715 2841 Pi·

497 2855 619 2905 tisc.
1565 2893 1568 2896 2

1498 2965 1719 3015 No'rAE

563 3088 589 3114 ὓ
611 3082 781 3144 Itaque
801 3080 911 3130 vino
932 3095 994 3128 ex
1014 3078 1142 3128 omni
1162 3078 1399 3128 vindemia
1420 3078 1563 3142 Jovi]
1646 3079 1783 3128 cinio
1832 3079 2061 3130 Lucullo.
2130 3080 2418 3129 Historiam
2468 3081 2712 3131 Graecam

497 3158 640 3208 Hinc
679 3158 819 3206 Fest.
853 3156 1039 3218 Pomp.
1079 3157 1094 3183 ‘
1119 3156 1334 3204 Rustica
1373 3157 1565 3205 vinalia
1643 3155 1870 3218 scripsit,
1895 3163 1951 3206 et
1975 3157 2187 3205 annales
2214 3155 2423 3205 Latinos
2451 3171 2579 3220 quos
2603 3157 2713 3207 lau·

496 3235 831 3297 appellantur
873 3246 1049 3279 mense
1093 3231 1331 3293 Augusto
1371 3241 1562 3295 quarto
1644 3231 1737 3280 dat
1762 3232 2000 3280 Macrob.
2023 3232 2286 3281 Saturnal.
2308 3245 2373 3280 11.
2397 3235 2480 3280 16.

496 3312 702 3361 decimo
746 3308 1010 3359 Kalendas
1051 3307 1374 3370 Septembris
1410 3308 1560 3360 Jovis
1706 3314 1731 3349 ‘¹
1753 3306 1886 3356 Dein
1920 3313 2081 3370 postea
2117 3306 2298 3370 Iulum]
2334 3306 2437 3370 Alii
2477 3322 2509 3357 a
2548 3308 2712 3371 prima

495 3388 610 3437 dies
630 3385 948 3449 festus,quia
970 3385 1138 3434 Latini
1164 3384 1353 3433 bellum
1379 3398 1560 3447 geren·
1643 3380 1824 3432 barbae
1869 3384 2109 3444 lanugine
2147 3384 2317 3432 Iulum
2366 3384 2561 3432 dictum
2604 3393 2714 3434 tras

495 3474 587 3513 tes*
617 3464 864 3511 adversus
898 3461 1215 3510 Mezentium
1255 3460 1420 3509 omnis
1454 3461 1562 3509 vini
1644 3455 1795 3518 dunt,
1818 3474 1934 3523 quae
1967 3460 2156 3509 Graece
2187 3460 2365 3517 ἴουλος,
2388 3462 2569 3509 cumis
2593 3461 2712 3511 Me-

491 3541 801 3589 libationem
826 3538 873 3587 ei
901 3540 1017 3586 Deo
1040 3535 1383 3585 dedicarunt!
1644 3536 1870 3583 sentium
1894 3537 1945 3584 in
1973 3537 2220 3600 singulari
2255 3537 2542 3586 certamine
2574 3540 2712 3588 occi·

561 3623 586 3648 0
617 3616 782 3664 Julius
806 3615 968 3662 Caesar
1002 3612 1208 3680 [Lucius
1239 3610 1428 3674 Coesar]
1462 3612 1561 3661 Le·
1644 3611 1826 3661 disset.
1894 3613 2027 3662 Cato
2053 3615 2190 3676 apud
2217 3614 2476 3664 Servium.

495 3693 720 3754 gendum
742 3696 865 3753 puto
880 3690 1048 3738 Julius
1067 3690 1252 3739 Caesar.
1285 3689 1422 3737 Vide
1443 3703 1560 3753 quae
1707 3694 1730 3721 ¹
1758 3688 1807 3738 Δ
1852 3706 1941 3754 quo
1982 3691 2123 3741 Jutia
2155 3691 2353 3752 familia
2395 3691 2532 3755 [Iule
2569 3692 2713 3758 filiu]

496 3766 563 3817 ad
588 3767 743 3815 libelli
769 3772 1130 3827 argumentum
1154 3766 1462 3814 notavimus.
1644 3764 1775 3816 Quis
1819 3781 1922 3816 non
1959 3768 2103 3819 videt
2140 3766 2420 3832 legendum
2456 3767 2596 3818 aazia
2622 3770 2711 3828 sa-

561 3849 588 3883 l>
632 3843 783 3890 Aulus
820 3840 1122 3905 Postumius]
1157 3840 1224 3889 A.
1263 3840 1560 3890 Postumius
1641 3838 1815 3892 milia?
2097 3856 2102 3861 ·

498 3919 718 3970 Albinus
752 3920 842 3983 qui
878 3918 1057 3967 consul
1094 3915 1195 3967 fuit
1227 3931 1342 3966 cum
1379 3916 1439 3967 L.
1470 3917 1561 3967 Li·
