3023 4942
234 799 239 804 ·
348 761 774 826 sermonibus
824 760 1088 825 effatam
1135 781 1303 837 esse,
1358 765 1553 835 καλῶς
1600 758 1786 825 ἔσται.

266 3274 286 3286 .
350 3218 483 3281 flac
525 3220 679 3283 paulo
716 3229 839 3271 aute
878 3223 1159 3273 Domitiani
1201 3231 1421 3273 mortem

2419 397 2551 468 391

349 555 710 623 adveniens
739 556 1092 640 imperium
1137 557 1290 641 ejus
1322 556 1644 640 pleraque
1677 558 1963 628 mirifica
1995 557 2551 626 denuntiaverint.

352 660 438 724 In
485 659 640 743 quis
666 659 1115 742 praecipuum,
1144 659 1472 726 cornicem
1505 678 1545 724 e
1575 658 1854 742 fastigio
1886 655 2262 746 Capitoliik
2302 659 2553 730 Atticis

1875 762 1985 828 11.
2046 760 2275 845 Hujus
2326 763 2553 828 exusti

350 863 652 946 corporis
707 863 966 928 cineres
1013 863 1204 928 relati
1250 863 1565 941 Romam,
1609 864 1991 948 humatique
2040 863 2321 947 Trajani
2368 862 2558 928 soro¹

350 965 480 1031 sub
510 966 654 1049 ejus
686 966 997 1045 columna
1023 986 1043 1047 3
1088 974 1158 1030 et
1184 966 1403 1048 imago
1438 967 1890 1048 superposita,
1919 964 2120 1032 sicuti
2148 966 2554 1048 triumphan-

351 1074 456 1132 tes
484 1067 725 1144 solent,
757 1068 823 1131 in
855 1065 1105 1131 Urbem
1145 1068 1473 1142 invecta‚¹¹¹
1526 1075 1770 1134 senatu
1814 1072 2162 1151 praeeunte
2196 1074 2266 1133 et
2294 1069 2557 1132 exerci-

350 1176 447 1234 tu.
534 1169 640 1234 12.
682 1169 789 1235 Eo
823 1177 1119 1255 tempore
1151 1170 1364 1235 multo
1393 1170 1871 1254 perniciosiuS,
1900 1189 2102 1253 quam
2134 1171 2265 1233 sub
2302 1169 2556 1249 Nerva,

351 1271 628 1338 Tiberis
656 1271 1060 1349 immdavit,¹¹
1090 1291 1336 1354 magna
1365 1271 1561 1338 clade
1591 1272 1842 1354 aedium
1865 1279 1892 1307 ⁰
1943 1273 2439 1357 proximarum3
2485 1280 2559 1338 et

351 1377 548 1438 terrae
576 1380 801 1439 motus
831 1374 1052 1456 gravis
1074 1393 1198 1457 per
1229 1375 1619 1457 provincias
1651 1376 1960 1452 multaS,¹’
1990 1382 2317 1458 atroxque
2345 1376 2558 1457 pesti—

353 1474 590 1550 lentia,
619 1475 992 1559 famesque,
1023 1481 1093 1540 et
1118 1474 1431 1542 incendia
1461 1476 1650 1541 facta
1680 1482 1858 1540 sunt.
1946 1477 2054 1541 13.
2102 1476 2376 1556 Quibus
2410 1494 2552 1539 om-

1035 414 1392 466 EPU'OMB·
1463 414 1634 464 cal».
1683 415 1857 466 xlii.

276 1647 285 1656 ,
354 1577 556 1660 nibus
584 1577 917 1660 Trajanus
946 1596 1065 1659 per
1086 1577 1433 1659 exquisita
1459 1577 1751 1642 remedia
1783 1578 2139 1661 plurimum
2186 1577 2559 1661 opitulatus
2656 1582 2662 1588 ’

356 1685 503 1759 est3
547 1685 980 1758 statuenS,'ne
1008 1679 1357 1744 domorum
1380 1680 1665 1750 altitudo
1696 1681 2050 1762 sexaginta
2079 1686 2425 1763 superaret
2446 1698 2561 1763 pe·

357 1779 531 1859 deS,‘¹
562 1782 651 1845 ob
680 1782 915 1846 ruinas
945 1781 1209 1861 facileS,
1242 1790 1310 1848 et
1339 1790 1628 1861 sumtuS‚
1650 1783 1708 1846 si
1740 1781 2008 1866 quando
2038 1782 2197 1846 talia
2225 1782 2559 1865 continge·
2614 1840 2622 1847 .

1258 1927 1467 1949 ”Gom
1470 1929 1624 1950 NOOO

354 2011 499 2062 datas
520 2017 603 2061 est
620 2011 671 2059 iu
695 2011 1004 2074 Augustuuo
1019 2011 1136 2063 cod.
1162 2020 1300 2063 teste
1320 2014 1526 2066 Schott.
1583 2012 1731 2065 Infra
1765 2015 1780 2043 ‘
1803 2015 1865 2063 In
1886 2013 2073 2078 quibu.
2110 2011 2283 2073 Aliter
2306 2012 2390 2062 bic
2413 2013 2557 2064 locus

356 2076 412 2128 iu
436 2076 563 2125 Mss.
580 2076 870 2124 Veronensi
892 2086 947 2127 et
970 2077 1252 2127 Basilieusi
1289 2088 1514 2145 utroque
1538 2080 1749 2141 legitur,
1779 2080 1831 2127 iu
1854 2080 1985 2142 queis
2002 2078 2296 2142 proecipaum
2333 2080 2562 2132 cornicem

355 2155 383 2189 e
402 2139 612 2202 fastigio
655 2141 888 2205 Capitolii
908 2143 1090 2191 Atticis
1123 2143 1414 2193 temonibus
1445 2144 1649 2208 effatam
1686 2158 1787 2192 esse
1826 2142 1976 2193 καλὸς
2009 2142 2162 2204 hujus.
2228 2142 2560 2205 Augustanus

357 2204 526 2254 codex
556 2205 713 2271 affatu
744 2204 910 2257 καλός.
947 2207 1114 2256 Ουίω.
1162 2208 1379 2258 sueton.
1400 2223 1526 2257 vero
1563 2217 1802 2258 extremo
1842 2210 1932 2258 lib.
1959 2221 2064 2257 xu-
2101 2207 2387 2256 Domitiani
2433 2217 2562 2258 teru-

356 2270 569 2331 poribus
594 2271 843 2320 accidisse
866 2271 971 2320 ait:
1031 2270 1146 2320 usta
1178 2271 1339 2321 invehi
1374 2272 1697 2322 Veronensis
1736 2280 1793 2321 et
1829 2273 1959 2321 Mss.
1991 2285 2086 2334 pro
2108 2271 2321 2320 invecti!
2359 2273 2562 2322 Schott.

357 2336 374 2362 ‘
400 2336 491 2383 Est
517 2336 693 2393 lectio,
717 2349 869 2399 quam
894 2345 1332 2398 repraesentamus
1357 2338 1594 2387 codicum
1619 2339 1866 2387 omnium.
1935 2337 2168 2397 Liueola,
2190 2351 2305 2401 quae
2329 2337 2493 2386 literae
2517 2354 2565 2387 m

357 2398 605 2448 iudicium
630 2407 730 2462 est,
754 2407 810 2449 et
831 2400 991 2450 verbo
1015 2401 1342 2452 substantivo
1366 2404 1643 2466 neglectis,
1666 2400 1831 2451 Aldus
1856 2409 1910 2449 et
1942 2399 2233 2463 Gryphius,
2261 2401 2317 2449 lu
2340 2403 2472 2463 queis
2486 2419 2564 2466 pr.

356 2466 592 2517 cornicem
615 2499 629 2515 .
657 2498 672 2514 .
694 2499 708 2515 .
730 2464 902 2531 effatu.
936 2465 1139 2519 Schott.
1196 2465 1418 2531 [Gaesb.
1441 2467 1644 2533 Delph.
1666 2467 1882 2533 Pitisc.]
1908 2467 1969 2517 Iu
1993 2466 2163 2531 quibus
2191 2483 2268 2530 pr.
2292 2468 2493 2517 cornix.
2513 2500 2527 2515 .
2551 2503 2565 2518 .

359 2529 534 2594 effata.
594 2529 907 2583 Memoratae
929 2531 1048 2581 edd.
1074 2534 1241 2581 virum
1267 2533 1520 2596 optimum
1547 2535 1598 2581 in
1623 2547 1853 2582 errorem
1874 2532 2219 2593 induxerunt,
2254 2540 2312 2581 ut
2343 2534 2565 2594 primum

357 2609 532 2644 casnm
557 2593 851 2658 preferret,
866 2611 982 2647 cum
1006 2596 1135 2646 alius
1158 2610 1306 2648 error
1330 2599 1492 2649 multo
1513 2607 1595 2649 est
1619 2600 1869 2661 apertior,
1903 2598 2200 2654 neglectum
2223 2597 2427 2646 scilicet
2451 2612 2565 2649 esse

358 2669 606 2722 puuctum
644 2660 810 2710 literae
849 2677 882 2710 a
915 2662 1404 2728 superinscriptum.
1480 2663 1683 2712 Omnes
1729 2664 1858 2712 Mss.
1885 2660 2049 2720 καλὸς,
2086 2675 2149 2709 ex
2189 2661 2375 2725 quibus
2423 2664 2563 2711 solus

359 2724 539 2774 Guelf.
564 2724 702 2774 ἔσται
733 2726 946 2775 omittit.
1014 2727 1288 2775 Praeterea
1309 2743 1335 2776 e
1362 2726 1574 2788 fastigio
1609 2727 1760 2777 codd.
1785 2736 1841 2776 et
1864 2727 1987 2775 edd.
2011 2732 2141 2790 quas
2167 2727 2290 2782 vidi,
2311 2741 2509 2789 omues,
2534 2742 2565 2776 a

357 2789 546 2852 quibus
568 2790 784 2840 recessit
805 2791 1058 2851 Phineus,
1081 2792 1165 2840 ubi
1187 2790 1412 2841 fortasse
1446 2793 1647 2840 incuria
1668 2792 2013 2850 librariorum,
2036 2799 2181 2839 certe
2202 2792 2311 2839 sine
2338 2793 2566 2842 necessi·

359 2862 493 2914 tate,
523 2854 777 2916 «fastigio
801 2855 1099 2918 reperitur?
1133 2857 1440 2906 Arata-41
1485 2858 1556 2908 Ut
1590 2857 1936 2919 triumphante·
1960 2855 2274 2906 Gunela—12
2307 2858 2385 2917 τῷ·
2421 2872 2567 2921 prox·

358 2919 565 2973 imarum
585 2928 768 2971 carent
789 2918 916 2975 Αἶά.
938 2922 1141 2973 Schott.
1166 2921 1363 2973 Gaesi».
1383 2921 1580 2986 Delph.
1604 2922 1920 2973 Pitane—13
1959 2921 2299 2983 Quadraginta
2335 2936 2430 2985 pro
2458 2935 2564 2972 sex-

1358 3050 1577 3103 No'rAE

360 3178 365 3184 ·
391 3142 418 3178 ¹¹
433 3145 907 3210 emicemstmix]
916 3147 1154 3209 esaetigio
1166 3147 1421 3210 Capitolii]
1502 3149 1608 3198 bem
1624 3146 1837 3210 invecta]
1856 3146 2011 3199 Hauc
2035 3145 2335 3197 Hadrianus
2348 3145 2568 3197 invexit.

1498 3226 1771 3290 spartian.
1806 3224 1966 3275 ‘Cum
1999 3221 2312 3284 triumphum
2348 3221 2396 3270 ei
2421 3235 2567 3273 seue·

360 3297 598 3346 evenisse
616 3298 743 3347 dicit
764 3299 982 3350 Sueton-
1006 3316 1122 3364 ουρ.
1146 3302 1240 3351 ult.
1262 3303 1422 3353 ‘Ante

360 3371 590 3434 paucos:
643 3374 829 3437 inquit,
864 3383 1052 3439 ‘quam
1089 3377 1423 3429 occideretur

359 3461 587 3509 menses,
612 3449 795 3501 cornix
827 3450 879 3499 iu
915 3451 1175 3513 Capitolio
1215 3454 1424 3505 elocuta

359 3532 461 3581 est,
489 3524 625 3575 ἔσται
666 3524 827 3577 πάντα
855 3529 1034 3578 καλῶς.
1103 3530 1220 3581 Nec
1253 3530 1425 3583 defuit

360 3602 450 3664 qui
503 3611 767 3657 ostentum
830 3604 906 3654 sic
941 3605 1381 3668 interpretaretur
1406 3625 1422 3659 ε

360 3676 550 3741 Nuper
593 3678 819 3742 Tarpeio
862 3695 979 3744 qua
1021 3683 1158 3731 sedit
1197 3670 1424 3741 culmine

361 3755 566 3813 cornix,
606 3757 702 3806 Est
738 3756 852 3811 bene
886 3771 989 3808 nou
1015 3758 1188 3822 potuit
1216 3761 1425 3824 diceres

360 3831 520 3888 dixit,
542 3831 704 3882 erit&

427 3907 442 3940 ¹
479 3907 676 3968 Trm‘eni
691 3909 835 3973 fore]
869 3908 1023 3962 Quod
1057 3908 1228 3963 forum
1272 3912 1424 3975 Ulpi·

360 3999 470 4047 tim,
492 3988 603 4035 sive
634 3986 869 4049 'Pr-jani,
907 3987 973 4036 ab
1005 3988 1166 4050 Ulpio
1198 3989 1426 4052 ‘ri-ajano

360 4059 580 4112 dictum.
608 4059 961 4125 Apollodorus
975 4063 1294 4114 architectus
1307 4063 1428 4114 fuit.

363 4134 618 4189 Columna
636 4138 687 4187 iu
702 4136 875 4189 medio
894 4137 1017 4196 sita,
1039 4138 1184 4204 cujus
1205 4138 1426 4193 altitudo

356 4210 620 4274 hodieque
638 4220 861 4276 apparet
882 4213 1075 4276 pedum
1098 4218 1214 4265 128.

429 4295 468 4322 m
488 4288 650 4341 Sicuti
680 4288 1024 4355 trimme·
1058 4294 1209 4345 mm
1250 4293 1305 4345 in
1331 4294 1424 4343 vr.

1505 3310 1590 3352 tus
1613 3302 1701 3365 qui
1736 3299 1958 3362 Trajano
1982 3298 2190 3347 deditus
2215 3306 2332 3347 erat
2355 3296 2572 3348 detulis-

1503 3386 1606 3433 set.
1636 3376 1898 3427 recusavit
1931 3375 2065 3437 ipse,
2107 3381 2265 3438 etque
2296 3372 2568 3433 imaginem

1503 3453 1712 3516 Trajaui
1754 3465 1908 3500 curru
1955 3447 2252 3511 triumphali
2307 3449 2469 3511 vexit,
2513 3457 2572 3498 ut

1503 3531 1729 3593 optimus
1763 3526 2062 3589 Imperator
2096 3539 2162 3573 ne
2199 3533 2317 3587 post
2351 3533 2572 3576 mortem

1504 3604 1714 3670 quidem
1744 3602 1994 3665 triumphi
2037 3600 2306 3653 amitteret
2349 3601 2573 3666 diguita-

1508 3682 1650 3735 tem.'

1587 3769 1614 3795 ὓ
1670 3758 1858 3811 Tiberis
1904 3756 2182 3820 inundavit]
2244 3756 2380 3806 Vide
2436 3758 2573 3809 Plio.

1509 3837 1651 3887 Hist.
1673 3838 1801 3886 Nat.
1828 3849 1917 3884 ιιι.
1935 3839 1985 3883 6.

1570 3920 1595 3946 ⁰
1626 3911 1848 3974 AEdium]
1882 3912 1946 3962 In
1969 3911 2099 3961 Mss.
2120 3910 2317 3961 AEdium
2332 3909 2572 3972 proxima-

1503 4003 1632 4039 runt.

1572 4072 1597 4106 Ρ
1620 4063 1720 4112 Per
1738 4062 2008 4122 provincias
2029 4060 2226 4123 multas]
2252 4059 2315 4109 Iu
2342 4058 2573 4123 Graecie,

1506 4138 1651 4195 Asia,
1675 4138 1903 4200 Galatia,
1925 4138 2094 4201 Syria.
2144 4136 2338 4187 Euseb.
2361 4137 2486 4186 Dio.

1573 4223 1598 4259 ¹¹
1631 4214 1897 4276 Sexaginta
1916 4216 2159 4276 superaret
2179 4212 2344 4276 pedu]
2369 4212 2575 4274 Augus-

1509 4300 1624 4356 tus,
1657 4299 1717 4345 ut
1741 4292 1905 4343 ruina
1943 4297 2277 4353 caverentur,
2305 4289 2473 4339 edixit
2508 4304 2574 4339 ne
