3023 4942
404 823 410 831 ¹
572 783 1134 893 VIRORUM
1214 805 2027 893 ERUDITORUM
2105 806 2578 890 JUDICIA

735 1072 891 1148 DE
944 1070 1308 1147 SEXTO
1361 1068 1847 1146 AURELIO
1901 1066 2424 1148 VICTORE.

811 1524 1242 1588 JOANNES
1303 1506 1777 1584 METELLUS
1836 1524 2335 1594 SEQUANUS
2447 1568 2450 1569 f

1124 1653 1522 1706 STEPHANO
1558 1655 1841 1706 PYCHIO
1874 1657 1931 1708 S.
1966 1659 2034 1708 D.

478 1803 790 1890 Accm’l
833 1845 874 1889 a
916 1824 1294 1890 clarissimo
1334 1825 1481 1889 viro
1533 1825 1850 1891 Cornelio
1890 1825 2099 1894 Vaeto
2140 1827 2469 1893 Gandavo
2508 1829 2681 1893 anti-

476 1929 881 2010 quissimum
930 1927 1250 2009 scriptum
1302 1927 1623 1994 codicem.
1714 1928 2029 1995 Continet
2072 1920 2438 1994 Illus'trium
2484 1929 2680 1993 Viro-

478 2050 622 2093 rum
667 2029 892 2107 Vitas,
945 2048 1096 2112 quae
1145 2029 1348 2094 Plinii
1399 2029 1589 2094 titulo
1640 2031 2213 2108 circumferuntur,
2267 2037 2333 2096 et
2382 2031 2709 2097 Victoris·

479 2129 741 2197 Aurelii
796 2131 1128 2195 Historiae
1183 2131 1624 2208 abbreviatae,
1678 2133 1921 2217 inquit,
1974 2134 2060 2197 ab
2112 2130 2421 2216 Augusto
2474 2132 2682 2197 Octa-

478 2235 703 2311 viano,
731 2230 834 2316 (id
879 2237 1004 2309 est,
1035 2253 1076 2296 a
1122 2232 1255 2297 fine
1303 2233 1387 2296 Τ.
1414 2232 1595 2297 Livii
1641 2253 1857 2316 usque
1902 2235 1990 2298 ad
2034 2236 2457 2301 consulatum
2503 2236 2685 2300 deci-

479 2356 660 2399 mum
688 2334 1071 2399 Constantii
1106 2333 1401 2416 Augusti
1429 2341 1496 2399 et
1524 2334 1569 2399 J
1576 2335 1780 2425 uliaui
1809 2337 2069 2401 tertium
2094 2335 2148 2422 3)
2180 2338 2274 2419 ‚de
2298 2340 2685 2404 Caesaribus

477 2438 806 2504 libellum.
904 2436 1032 2502 Ille
1091 2436 1327 2515 Plinii,
1379 2437 1635 2502 nullius
1702 2440 2073 2524 ascriptum
2144 2461 2385 2507 nomen
2435 2441 2682 2505 habet-t

481 2542 659 2605 unde
689 2549 756 2605 et
794 2542 861 2604 in
892 2540 1346 2623 suspicionem
1378 2540 1606 2618 venio,
1638 2561 1791 2605 cum
1823 2541 1909 2606 de
1942 2562 2023 2606 eo
2052 2544 2324 2627 quidam
2358 2543 2682 2617 dubitent,

473 2643 649 2729 (non
686 2642 931 2706 desunt
972 2642 1174 2719 enim,
1207 2642 1323 2724 qui
1366 2660 1522 2706 eum
1554 2642 1882 2708 Suetonio
1928 2643 2278 2722 tribuant,)
2305 2650 2378 2707 ut
2406 2642 2687 2707 Asconii

478 2745 766 2810 Pediani
811 2765 964 2809 esse
1010 2765 1346 2824 censeam,
1375 2765 1513 2808 non
1560 2746 1879 2823 Cornelii,
1909 2753 1982 2812 ut
2020 2747 2139 2811 alii
2168 2748 2420 2822 volunt,
2449 2745 2689 2828 Nepo-

479 2849 589 2912 tis.
678 2847 803 2912 Est
843 2848 1051 2913 editio
1091 2848 1294 2913 tertia
1331 2852 1522 2929 parte
1566 2849 1983 2931 completior.
2075 2847 2349 2911 Initium
2388 2846 2557 2911 facit
2593 2848 2683 2911 ab

479 2950 728 3032 origine
774 2950 959 3014 urbis
1006 2949 1359 3026 Romanae,
1391 2953 1459 3012 et
1486 2947 1643 3013 finis
1673 2950 1773 3016 sic
1803 2950 2051 3014 habet:
2097 2954 2118 2984 ‘
2143 2950 2540 3033 Expliciunt
2565 2969 2684 3013 no‘-

479 3054 663 3117 mina
692 3051 1087 3135 Principum
1122 3050 1624 3117 Romanorum?
1710 3051 2161 3132 Quamobrem
2192 3053 2361 3117 hanc
2394 3052 2718 3137 inscrip--

481 3154 729 3218 tionem
787 3152 1072 3215 indi-dit:
1147 3157 1168 3189 ‘
1201 3152 1290 3230 Q.
1349 3151 1613 3218 Asconi
1670 3153 1954 3219 Pediani
2006 3154 2327 3220 Patavini
2388 3152 2473 3219 de
2533 3152 2688 3219 Ori-

480 3257 628 3338 gine
669 3253 1238 3338 Principibusque
1279 3253 1529 3319 Gentis
1571 3253 1818 3321 Liber?
1908 3256 2175 3324 Dicitur
2220 3257 2290 3321 in
2335 3257 2481 3342 ejus
2527 3277 2690 3321 ano-

480 3377 679 3440 nymo
719 3357 918 3421 titulo
968 3357 1294 3422 collectus
1343 3363 1410 3422 et
1458 3358 1789 3440 digestuS,
1837 3378 1880 3422 a
1929 3379 2065 3442 quo
2109 3379 2290 3438 vero,
2341 3373 2472 3424 non
2524 3361 2685 3423 scri-

472 3460 696 3538 bitur3
743 3459 1090 3522 ‘nimirum
1121 3478 1209 3522 ex
1240 3458 1486 3524 Verrio
1520 3459 1793 3535 Flacco,
1816 3457 2122 3539 Verati0,
2147 3461 2362 3527 Fabio
2391 3461 2685 3540 Pictore,

478 3560 768 3637 Licini0,
816 3559 1141 3635 Varrone,
1197 3559 1494 3638 Caesare,
1546 3561 1928 3639 Tuberone,
1975 3571 2045 3626 et
2090 3564 2271 3627 omni
2310 3564 2687 3644 priscorum

478 3660 803 3728 historia.’
890 3667 914 3697 ‘
939 3661 1282 3739 Proinde,'
1324 3664 1564 3745 inquit,
1596 3666 1617 3696 ‘
1643 3669 1717 3727 ut
1748 3663 2035 3746 quisque
2062 3666 2548 3728 neotericorum
2579 3684 2689 3728 as-

482 3766 834 3843 severavit,
861 3765 990 3828 hoc
1035 3772 1140 3828 est
1169 3764 1406 3829 Livius
1438 3770 1507 3828 et
1536 3755 1781 3829 Victor
1803 3763 2013 3829 Afer?
2083 3764 2427 3830 Victorem
2475 3764 2689 3846 addit,

479 3873 916 3954 nonpropter
953 3866 1132 3930 hunc
1161 3866 1440 3947 librum3
1489 3866 1607 3931 sed
1650 3874 1922 3950 propter
1947 3866 2289 3957 Aurelium
2317 3866 2688 3946 Victorem,

479 3971 568 4034 de
617 3988 750 4052 quo
793 3965 1110 4043 diximus,
1143 3969 1258 4050 qui
1302 3967 1506 4050 hujus
1544 3969 1925 4047 historiam,
1957 3989 2112 4053 quae
2152 3970 2405 4034 desinit
2446 3971 2514 4034 in
2546 3967 2685 4033 An-

478 4074 662 4136 tonio
707 4073 774 4133 et
810 4070 1201 4153 Cleopatra,
1235 4071 1656 4135 continuavit
1682 4071 1841 4136 inde
1881 4072 1952 4137 in
1980 4071 2237 4137 Juliani
2265 4072 2687 4137 consulatum

478 4175 762 4240 tertium.
853 4172 952 4236 Hi
1000 4179 1310 4240 auctores
1358 4173 1717 4240 laudantur
1759 4168 1888 4241 hoc
1934 4175 2105 4240 libro
2151 4193 2405 4248 omneS,
2446 4182 2687 4257 praeter
