3023 4942
442 310 596 394 „198
1055 336 1293 391 saxu
1346 338 1667 390 Aunenn
1722 338 2084 390 vio'roms

461 489 568 553 his
597 484 1081 571 triumphavit.¹¹
1153 488 1220 552 3.
1254 486 1494 571 Usque
1542 493 1815 551 sextum
1842 481 2308 551 consulatum¹
2339 503 2462 569 per
2493 482 2664 550 ordi-

462 610 613 654 nem
666 582 915 667 factus,
965 587 1380 673 Appuleium
1441 590 1873 654 Saturninum
1934 591 2264 653 tribunum
2310 587 2557 670 plebis,
2602 593 2670 651 et

464 689 885 756 Glauciamm
930 698 1311 775 praetorem,
1343 690 1722 766 seditiosos,
1755 710 1843 754 ex
1889 689 2476 754 senatusconsulto
2498 695 2528 722 ¹¹
2570 689 2668 752 in-

463 794 752 857 teremit.
790 856 797 865 ,
837 795 902 858 4.
933 793 1021 859 Et
1049 814 1203 858 eum
1235 792 1544 876 Sulpicia
1573 794 1953 874 rogatione⁰
1984 790 2396 874 provinciam
2419 789 2673 873 SyllaeP

465 894 774 978 eriperet,
808 898 1012 961 armis
1057 897 1145 961 ab
1185 915 1267 960 eo
1308 895 1584 970 victuS‚‘¹
1630 893 2028 958 Minturnis*
2069 895 2139 957 in
2170 893 2422 977 palude
2452 892 2672 957 latuit.

459 998 532 1060 5.
578 997 924 1074 InventuS‚
952 1002 1017 1061 et
1058 998 1129 1061 in
1172 1016 1507 1061 carcerem
1550 995 1943 1079 conjectuS,⁸
1982 995 2356 1059 immissum
2398 1013 2674 1077 percus-

467 1102 690 1162 sorem
727 1098 1002 1163 Gallum
1033 1099 1255 1164 vultus
1287 1098 1686 1162 auctoritate
1716 1098 2064 1178 deterruit3
2110 1103 2524 1180 acceptaque
2557 1114 2673 1158 na-

464 1198 694 1264 vicula
725 1200 794 1263 in
826 1198 1128 1265 Africam
1159 1200 1458 1283 trajecit:
1480 1199 1500 1235 ‘
1542 1200 1638 1263 ibi
1670 1199 1786 1263 diu
1809 1200 2133 1287 exulavit.
2205 1198 2275 1264 6.
2321 1197 2496 1260 Mox
2518 1197 2675 1261 Cin-

462 1319 642 1365 nana
669 1300 1121 1366 dominatione
1139 1309 1168 1337 ¹¹
1213 1305 1593 1381 revocatus,
1621 1301 1841 1384 ruptis
1871 1300 2221 1383 ergastulis
2240 1308 2266 1336 ¹¹
2305 1300 2676 1364 exereitum

1392 1463 1749 1483 ΟΟΟΟΟΟΟΟΟ

472 1568 688 1623 uterque
720 1561 872 1611 Leid.
932 1563 1195 1612 Theutones
1220 1564 1371 1615 Fran.
1424 1562 1658 1612 Teutonas
1680 1561 1856 1611 Hann.
1878 1561 2113 1611 Gramm.
2138 1567 2191 1609 et
2215 1566 2323 1610 ant.
2348 1559 2469 1609 edd.
2507 1561 2677 1609 Cento·

465 1627 567 1675 rias
584 1627 786 1675 Boend.
831 1627 917 1675 alii
947 1628 1163 1677 Teutoni.
1229 1629 1523 1691 Utrumque
1545 1632 1746 1676 rectum
1770 1626 1890 1676 est.’
1913 1628 2086 1676 Arntz.
2150 1625 2316 1688 Aquas
2337 1625 2551 1675 Sextiles
2571 1624 2678 1674 alii.

465 1691 634 1752 Aquas
658 1691 846 1742 Sestias
867 1693 1050 1742 Colon.
1120 1693 1391 1744 Praeterea
1428 1693 1664 1743 Sanuidio
1697 1707 1794 1755 pro
1832 1691 2030 1740 Raudio
2056 1690 2155 1739 Ed.
2195 1706 2276 1753 pr.
2334 1691 2535 1738 Claudio
2558 1688 2681 1739 Ald.

464 1754 673 1819 Grypb.
707 1757 910 1806 Schott.
934 1757 1000 1805 G.
1025 1758 1098 1806 D.
1123 1758 1188 1805 P.
1255 1758 1486 1807 ‘Savidio
1524 1758 1701 1806 Haun.
1727 1757 1961 1807 Gramm.
1998 1754 2199 1804 Boend.
2220 1759 2280 1819 (a
2315 1770 2383 1804 m.
2421 1770 2527 1802 see.
2561 1769 2678 1803 cum

469 1823 685 1882 amiqua
708 1823 864 1870 lectio
889 1831 1026 1871 esset
1051 1822 1272 1884 Savido.)
1293 1833 1347 1872 et
1374 1823 1560 1884 priscae
1586 1822 1707 1872 edd.
1733 1823 1875 1885 [cum
1898 1820 2116 1870 Mediol.
2139 1822 2311 1868 Paris.
2332 1819 2544 1882 Colum]
2591 1819 2681 1869 Sa-

469 1886 603 1933 m'dio
629 1886 732 1934 levi
755 1888 1053 1946 corruptela
1077 1888 1232 1935 Fran.
1268 1889 1450 1937 Sanido
1477 1887 1624 1935 Leid.
1652 1885 1719 1936 l.'
1742 1886 2076 1935 Amnem—s
2098 1885 2269 1935 Sexies
2290 1884 2451 1933 consul
2470 1899 2557 1947 per
2578 1887 2681 1932 ord.

468 1950 674 1999 Schott.
705 1951 774 2002 G.
799 1952 873 2001 D.
898 1953 961 2000 P.
1033 1954 1191 2015 Usque
1211 1954 1275 2000 ad
1295 1958 1482 2001 sextum
1506 1950 1631 2001 Ald.
1697 1951 1762 1999 In
1782 1952 1912 1999 Mss.
1943 1965 2028 2012 ap.
2055 1950 2254 1999 Schott.
2277 1964 2422 2012 usque
2442 1951 2504 1998 ad
2525 1950 2682 1997 sexies

470 2016 637 2063 consul
674 2025 766 2066 aut
820 2031 964 2080 usque
1007 2020 1071 2066 ud
1125 2016 1214 2065 VJ.
1252 2019 1426 2067 consul.
1505 2019 1522 2046 ⁸
1544 2017 1864 2066 Saturninum
1921 2014 2170 2064 delebant
2224 2015 2453 2079 quinque
2500 2014 2681 2074 scripti

464 2077 561 2141 [et
584 2078 730 2142 Ald.]
792 2081 1077 2130 Saturnium
1099 2082 1309 2130 volebat
1343 2082 1574 2130 Gramm.
1620 2080 1713 2129 sed
1747 2094 2048 2143 expressam
2091 2078 2372 2130 lectionem
2398 2078 2683 2127 admittunt

471 2158 647 2192 omnes
671 2145 836 2195 editi)
855 2149 1125 2196 Arma—4
1148 2146 1299 2209 Syuae
1323 2147 1471 2196 Leid.
1494 2151 1543 2195 1.
1568 2146 1803 2196 Gramm.
1824 2151 1882 2194 et
1908 2144 2110 2194 Boend.
2160 2145 2333 2194 Sinam
2350 2145 2505 2194 Fran.
2551 2143 2682 2191 Tum

466 2210 522 2258 s‘u
543 2211 710 2273 palude
731 2211 921 2272 delituit
944 2212 1147 2262 Schott.
1168 2211 1237 2260 G.
1252 2212 1326 2261 D.
1345 2212 1411 2260 Ρ.
1441 2212 1493 2261 in
1509 2213 1732 2274 paludem
1759 2211 2009 2260 Fam—6
2037 2209 2183 2261 cina.
2206 2209 2553 2273 proscriptione
2583 2223 2684 2259 rev.

1475 2355 1691 2405 NOTAE
1721 2384 1726 2389 ·

474 2450 810 2504 Narbonensi
837 2452 902 2504 ad
939 2467 1097 2505 mare.
1151 2453 1294 2503 Flor.
1323 2451 1419 2504 lib.
1446 2466 1537 2503 ιιι.
1665 2460 1708 2508 ,11
1743 2452 1829 2502 Ex
1865 2451 2293 2516 senatusconsulto]
2348 2453 2487 2503 Nam
2534 2465 2685 2502 sena·

475 2544 594 2593 cap.
620 2534 668 2580 3.
705 2530 1050 2595 ‘Prioresque
1086 2530 1403 2579 Theutonios
1441 2530 1538 2578 sub
1620 2531 2003 2580 tusconsultum
2039 2529 2236 2580 factum
2264 2528 2383 2592 fuit,
2413 2528 2687 2579 ‘viderent

474 2604 602 2665 ipsis
658 2603 871 2668 Alpium
931 2606 1195 2656 radicibus
1251 2613 1541 2669 assecutus,
1620 2607 1855 2655 consules
1879 2621 1947 2656 ne
1977 2606 2101 2670 quid
2131 2604 2436 2655 detrimenti
2476 2604 2686 2668 respub.

471 2682 699 2742 Marius,
731 2684 784 2730 in
819 2682 985 2731 locum
1023 2697 1175 2745 quem
1201 2682 1376 2746 Aquas
1412 2684 1542 2731 Sex·
1621 2682 1878 2746 caperet.'

478 2758 580 2806 tias
616 2765 824 2819 vocant,
867 2772 986 2822 quo,
1037 2758 1193 2810 fidem
1239 2760 1537 2809 numinum!
1688 2767 1713 2793 ⁰
1745 2760 1815 2809 Et
1848 2774 1957 2809 cum
1985 2758 2202 2822 Sulpicia
2224 2756 2496 2820 rogatione]
2532 2758 2689 2807 Hane

479 2834 658 2898 praelio
679 2835 976 2898 oppressit.’
1626 2836 1748 2888 tulit
1770 2836 2031 2900 Sulpicius
2056 2837 2291 2887 tribunus
2314 2836 2483 2900 plebis
2506 2850 2553 2883 a.
2574 2840 2692 2885 665.

544 2908 570 2943 ¹¹
604 2911 838 2961 Teutonas
880 2910 1164 2975 [Teutones]
1195 2912 1386 2976 Populi
1422 2918 1552 2962 sunt
1627 2919 1687 2963 ut
1731 2914 1912 2963 exules
1961 2920 2350 2970 revocarentur,
2388 2917 2445 2961 et
2484 2912 2689 2961 Marius

478 2986 544 3036 ad
569 3002 710 3036 mare
734 2987 1124 3037 Germanicum.
1629 2988 1884 3040 adversus
1922 2989 2286 3039 Mithridatem
2337 2989 2444 3039 dux
2487 3002 2690 3039 creare-

486 3085 499 3090 »
546 3059 563 3093 ¹
594 3063 770 3125 Campo
811 3063 1001 3111 Raudio
1044 3061 1299 3126 [Claudio]
1343 3064 1546 3127 Legen·
1629 3072 1735 3115 tur.

479 3136 604 3185 -dum
639 3144 723 3185 est
752 3136 961 3185 omnino
987 3136 1193 3194 Raudio,
1216 3153 1317 3187 nou
1345 3140 1549 3187 Claudio
1691 3149 1719 3184 ι)
1755 3139 2061 3189 Provinciam
2081 3137 2254 3202 Syuoe]
2278 3140 2485 3189 Bellum
2509 3138 2693 3189 adver-

483 3221 540 3260 ut
558 3213 693 3261 male
716 3213 927 3276 quidam
951 3212 1274 3263 dubitavere.
1321 3215 1549 3278 Campus
1630 3232 1716 3266 sus
1740 3216 2101 3266 Mithridatem
2121 3216 2356 3280 intellige
2376 3216 2513 3281 quod
2537 3217 2696 3282 Syllae

482 3290 719 3340 Raudius
753 3295 838 3338 est
875 3289 929 3338 in
970 3289 1128 3338 Italia
1164 3289 1370 3339 Gallica
1407 3292 1551 3340 circa
1628 3292 1998 3342 demandatum
2020 3289 2210 3340 fuerat.

483 3365 768 3415 Veronam.
802 3363 877 3415 At
896 3364 1169 3413 Claudium
1189 3365 1298 3415 sive
1316 3365 1548 3416 furculas
1694 3378 1721 3412 ιι
1750 3368 1918 3418 Armis
1937 3368 1997 3417 ab
2026 3382 2079 3416 eo
2108 3364 2288 3428 victus]
2321 3366 2461 3417 Vide
2483 3363 2692 3418 Florum

487 3443 745 3493 Caudinas
768 3443 822 3491 in
845 3443 1164 3492 Samnitibus
1179 3452 1380 3505 ponunt
1403 3451 1547 3494 vete·
1630 3444 1721 3495 lib.
1747 3457 1837 3494 ιιι.
1858 3457 1977 3505 cap.
2000 3447 2084 3492 21.
2201 3441 2210 3444 ⁷⁷
2363 3474 2386 3486 s

485 3534 589 3568 res.
645 3519 782 3567 Vide
801 3519 942 3568 Flor.
965 3531 1058 3567 111.
1082 3533 1196 3581 cap.
1222 3523 1272 3567 3.
1694 3529 1716 3555 ¹·
1747 3518 2050 3580 Minturnis]
2094 3518 2384 3568 Minturnae
2434 3518 2489 3569 in
2544 3521 2696 3571 Latio

545 3595 576 3631 ‘¹¹
613 3592 966 3660 Triumphauit]
997 3593 1062 3645 A.
1082 3595 1358 3646 15.c.o52.
1631 3612 1737 3647 non
1770 3597 1925 3659 longe
1962 3610 1993 3645 a
2031 3593 2250 3643 Formiis
2296 3595 2349 3643 in
2382 3594 2501 3659 ipso
2540 3597 2696 3646 maris

541 3670 568 3705 ·¹
605 3671 764 3734 Usque
813 3676 1000 3720 sextum
1037 3673 1330 3721 consulatum
1373 3669 1556 3734 [sexies
1626 3673 1830 3723 littore·

486 3747 672 3810 consul]
717 3747 960 3813 Quinque
1003 3747 1213 3797 ultimos
1251 3749 1553 3797 consulatus
1698 3755 1719 3781 ⁸
1751 3749 1815 3798 In
1835 3760 2070 3797 carcerem
2089 3745 2351 3810 conjectus]
2394 3747 2533 3799 Vide
2556 3741 2698 3800 Veu'.

488 3841 586 3891 per
619 3825 846 3875 ordinem
881 3825 1040 3888 gessit
1072 3824 1137 3875 ab
1171 3840 1219 3874 a.
1241 3827 1358 3875 649.
1386 3838 1554 3889 usque
1633 3825 1724 3877 lib.
1744 3839 1809 3875 ιι.
1827 3817 1945 3888 eap‘.
1967 3821 2047 3874 19.

491 3901 558 3951 ad
589 3914 638 3950 a.
670 3906 785 3972 663.
841 3902 993 3950 Inter
1022 3902 1243 3965 primum
1278 3907 1334 3950 et
1367 3915 1553 3952 seeun-
1682 3902 1720 3970 ,θ
1748 3893 2074 3970 ῙιιΔῙνίωιζι
2102 3898 2319 3965 traiecit]
2355 3900 2613 3950 ‘Cursum
2644 3902 2701 3951 in

491 3978 616 4027 dum
640 3986 747 4027 tres
771 3977 888 4026 anni
912 3977 1335 4028 intercesserunt.
1474 3983 1485 4000 ⁸
1636 3974 1870 4028 Africam
1914 3976 2129 4040 direxit,
2183 3976 2496 4039 inopemque
2537 3976 2702 4026 vitam

555 4062 593 4088 ¹¹²
622 4054 906 4117 Appuleium
920 4053 1384 4104 Saturninum...et
1403 4055 1554 4105 Glau-
1637 4055 1692 4105 in
1725 4053 1933 4118 tugurio
1978 4053 2238 4103 ruinarum
2277 4049 2702 4116 Carthaginensi-

487 4131 639 4194 eiam]
674 4131 814 4181 Vide
846 4128 983 4182 infra
1011 4130 1063 4182 in
1088 4132 1148 4183 1..
1170 4125 1430 4198 Appuleio
1459 4133 1553 4184 Sa·
1637 4145 1723 4183 nm
1746 4128 2027 4181 toleravit.’
2061 4128 2201 4176 Vell.
2683 4195 2687 4202 .

493 4208 720 4260 turnino.
1699 4216 1724 4241 ⁸
1784 4206 2005 4257 Cinnam
2055 4203 2397 4282 domiaoeeione]
2453 4204 2574 4255 Hoc
2617 4210 2700 4255 est
