3023 4942
2437 366 2571 432 269

364 526 800 610 Liberaeque,
820 543 973 608 quae
1003 525 1334 591 Eleusina
1364 522 2163 602 dicitur,‘Atheniensium
2194 526 2395 591 modo
2427 524 2571 592 Ro-

359 650 479 695 ma
506 629 901 713 percoleret.
988 629 1053 692 4.
1099 628 1387 703 Deinde,
1420 629 1526 691 uti
1581 628 1753 694 solet
1781 628 2167 710 tranquillis
2199 630 2425 706 rebuS,
2469 650 2568 695 re-

359 732 632 795 missior
659 751 772 795 rus
804 731 1148 814 proprium
1176 730 1392 794 Tibur
1422 731 1735 810 secessit,
1767 733 2109 813 permissa
2140 731 2322 796 Urbe
2352 731 2570 798 Lucio

361 833 553 899 AElio
584 831 897 898 Caesari.ss
940 842 946 849 ‘
982 835 1046 897 5.
1078 832 1263 916 Ipse,
1298 833 1395 897 uti
1430 834 1646 896 beatis
1677 833 2139 917 locupletibus
2168 854 2342 914 mosi,
2374 837 2561 918 pala-

361 936 463 999 tia
479 941 846 1008 exstruere,
872 955 1103 1000 curare
1122 935 1382 1019 epulae,
1407 936 1620 1017 signa,
1641 936 1908 1000 tabulas
1943 938 2165 1021 pictas
2188 956 2208 999 t
2230 947 2572 1021 postremo

363 1037 597 1103 omnia
639 1039 806 1101 satis
859 1039 1064 1101 anxie
1093 1039 1511 1120 prospicere,
1566 1059 1719 1121 quae
1765 1040 2434 1125 luxuslasciviaeque
2465 1061 2575 1105 es-

364 1147 542 1203 sent.
631 1140 719 1215 6.,
744 1139 814 1202 H
821 1141 927 1203 inc
970 1141 1100 1203 orti
1130 1159 1425 1203 rumores
1458 1141 1644 1217 mali,
1696 1141 2014 1226 injecisse
2042 1149 2275 1226 stupra
2302 1142 2572 1226 puberi·

360 1242 518 1318 bue,
539 1247 740 1324 atque
764 1241 1042 1306 Antinoi
1072 1241 1466 1324 flagravisse
1487 1242 1750 1308 famoso
1774 1244 2168 1321 ministeriO,
2186 1264 2403 1329 neque
2425 1245 2567 1319 alia

364 1342 451 1406 de
480 1363 687 1408 causa
705 1345 932 1407 urbem
963 1345 1306 1408 conditam
1330 1344 1479 1428 ejus
1503 1342 1828 1420 nomine‚¹¹
1859 1353 1979 1409 aut
1999 1346 2266 1410 locasse
2287 1345 2570 1430 Ephebo

365 1450 648 1509 statuae.
751 1447 817 1511 7.
865 1446 1042 1525 Quae
1095 1446 1359 1529 quidem
1410 1447 1530 1511 alii
1591 1448 1708 1531 pia
1767 1447 2029 1525 volunt,
2073 1447 2565 1532 religiosaque:

365 1548 623 1633 quippe
656 1548 1016 1615 Hadriano
1048 1549 1359 1633 cupiente
1387 1547 1601 1612 fatum
1644 1548 2043 1638 producere,
2098 1547 2295 1615 cum¹
2335 1550 2573 1615 volun-

997 383 1096 431 Du
1144 380 1582 432 caesalunus
1632 381 1796 431 GAP.
1844 380 2010 430 XIV.

1489 1694 1641 1717 mu

361 1798 463 1843 —8
496 1794 738 1844 Eleusinia
771 1794 997 1844 dicuntur
1019 1795 1154 1859 conj.
1176 1793 1377 1845 Schott.
1411 1795 1552 1846 Vide
1577 1797 1705 1846 Not.
1727 1797 2019 1859 Delph.-—-4
2038 1803 2053 1825 ⁸
2077 1796 2324 1846 Nonnihil
2353 1795 2575 1848 offendit

360 1858 491 1909 illud
512 1861 786 1923 propriumg
838 1863 959 1924 quid
997 1861 1131 1909 enim
1168 1874 1384 1911 necesse
1421 1862 1550 1910 talia
1587 1861 1816 1910 addere?
1884 1862 2209 1925 Reponerem
2240 1878 2383 1926 prope
2409 1862 2573 1914 Tibur.

363 1924 456 1974 Ita
479 1927 775 1987 appellatur
799 1925 915 1987 ipsa
936 1926 1074 1988 urbs,
1098 1926 1179 1975 cui
1204 1925 1481 1988 adjacebat
1516 1941 1618 1982 rus,
1638 1927 1653 1954 ‘
1674 1925 1813 1974 Villa
1834 1927 2116 1976 Tiburtina
2135 1926 2150 1949 '
2173 1927 2332 1983 dicta,
2357 1927 2432 1975 uti
2453 1940 2576 1976 con·

362 1996 471 2038 stat
490 2004 552 2036 ex
571 1990 746 2052 Spart.
769 1980 934 2039 Hadr.
958 2005 1111 2053 capp.
1146 1993 1228 2038 23.
1249 1999 1304 2039 et
1326 1994 1408 2040 26.
1432 2025 1445 2040 .
1475 2024 1490 2038 .
1516 2021 1532 2038 .
1557 1990 1664 2039 Sed
1689 2005 1754 2039 au
1779 1989 1906 2051 ferri
1932 1999 2107 2054 potest
2138 2006 2220 2040 rus
2243 1993 2407 2048 Tibur,
2430 1992 2576 2040 vide·

361 2063 458 2103 ant
480 2054 584 2104 alii.
657 2056 769 2121 Ego
789 2056 1125 2104 veliementer
1149 2056 1354 2110 dubito,
1378 2055 1476 2104 nisi
1499 2054 1793 2117 distinguas
1826 2070 1910 2104 rus
1937 2057 2198 2119 propr-im,
2236 2057 2406 2106 Tibur.
2470 2056 2576 2106 Sed

362 2128 539 2168 tamen
578 2119 715 2180 prins
739 2119 926 2168 malim.
992 2120 1078 2169 De
1102 2120 1266 2168 hortis
1301 2119 1585 2169 Tiburtinis
1622 2121 1863 2169 nonnulla
1886 2120 2122 2170 Freinsh.
2145 2121 2207 2169 ad
2236 2121 2372 2169 Flor.
2410 2134 2451 2169 1.
2491 2125 2574 2170 1⁷.

362 2187 393 2247 ξ
415 2181 481 2232 7!
502 2182 675 2232 Arulz.
742 2185 869 2232 Mox
896 2189 910 2214 ⁸
929 2184 1081 2233 Lucio
1102 2185 1231 2232 AElio
1260 2184 1464 2234 Coesari.
1511 2185 1599 2232 Sic
1619 2185 1817 2233 excusi.
1866 2186 2041 2240 AElius,
2065 2194 2118 2234 et
2144 2186 2334 2234 nummi
2358 2185 2578 2248 antiqui.

361 2250 473 2299 Ms.
512 2257 688 2297 noster
724 2262 856 2298 nunc
882 2249 1042 2307 Elius,
1076 2262 1214 2296 nnnc
1241 2247 1417 2297 Helius
1458 2249 1773 2310 aspiratione
1809 2249 2034 2299 Graeca.’
2069 2250 2352 2299 Scitam—5
2394 2249 2580 2307 ‘beatis

361 2314 417 2361 h.
444 2313 477 2361 l.
501 2314 585 2376 qui
611 2315 661 2361 in
690 2328 744 2363 re
764 2315 904 2363 lauta
926 2322 1214 2362 versantur.
1236 2310 1391 2361 Conf.
1409 2312 1476 2361 de
1500 2312 1600 2363 hoc
1623 2328 1737 2363 voc.
1759 2313 1949 2376 Cuper.
1975 2314 2280 2364 Observatt.
2308 2314 2393 2364 lib.
2414 2326 2503 2361 ru.
2527 2329 2576 2363 c.

365 2383 418 2426 1.
443 2393 537 2426 nec
563 2379 646 2441 [nt
667 2388 843 2427 censet
868 2376 979 2439 ille]
1001 2393 1130 2439 opus
1167 2384 1247 2424 est
1285 2379 1474 2439 copula
1504 2383 1588 2434 ευ
1632 2393 1728 2428 nec
1766 2379 2069 2440 locupletibus
2106 2381 2359 2440 glossema
2394 2377 2578 2427 haberi

360 2442 549 2504 debet,
582 2458 678 2493 nec
713 2457 830 2493 cnm
854 2444 1117 2493 Savarone
1143 2442 1207 2491 ad
1237 2442 1415 2493 Sidou.
1437 2456 1597 2491 carm.
1634 2457 1690 2492 v.
1723 2457 1857 2492 vers.
1881 2447 1963 2493 57.
1990 2458 2082 2507 per
2103 2451 2119 2474 ‘
2138 2443 2547 2506 Imperatoribus
2564 2443 2581 2467 ’

362 2511 577 2570 exponi.
649 2509 908 2572 Frigidum
933 2522 1053 2557 vero
1075 2517 1129 2557 et
1166 2509 1399 2569 ineptum
1440 2506 1599 2571 foret,
1625 2508 1999 2571 Imperatorem
2023 2511 2308 2558 Romanum
2346 2510 2578 2571 loeuple-

365 2585 475 2624 tem
499 2573 750 2638 cogitare,
770 2576 859 2639 qui
903 2574 1062 2625 veluti
1084 2582 1379 2638 opponatur
1401 2574 1567 2623 minus
1605 2574 1971 2639 locupletibus,
1995 2574 2311 2639 pauperibus
2341 2574 2574 2638 Impera-

1359 2719 1408 2769 N
1418 2717 1582 2769 OTAE

429 2816 450 2874 ,ἵ
481 2818 637 2868 Initia
672 2818 877 2877 Cereris,
910 2817 1198 2880 Liber-aque,
1230 2830 1335 2879 quoe
1361 2815 1429 2862 E·
1514 2814 1693 2866 Romae
1719 2816 2015 2866 Hadrianus
2044 2829 2192 2865 sacra
2225 2816 2315 2864 illa
2332 2832 2349 2876 ς
2382 2827 2485 2863 uon
2509 2826 2578 2862 ex

364 2894 547 2944 leusiaa
582 2893 784 2956 dicitur]
818 2893 1116 2958 Legendum
1149 2899 1257 2956 quie
1286 2893 1428 2941 Eleu-
1511 2889 1696 2941 Attica
1719 2894 1931 2942 Romam
1956 2892 2302 2949 transtulerit,
2331 2898 2390 2941 ut
2420 2890 2577 2940 Clau-

361 2973 475 3019 δίκα
511 2971 770 3019 dicuntur.-
822 2979 879 3019 ut
918 2972 1112 3033 optime
1153 2969 1431 3018 Salmasius
1511 2966 1629 3016 dius
1656 2971 1929 3032 cogitarat.
2229 3020 2238 3028 ,

365 3045 504 3108 apud
555 3046 904 3107 spartianum.
969 3044 1176 3094 Cereris
1221 3043 1431 3107 quidem
1578 3051 1604 3086 8
1636 3045 1787 3094 Lucio
1816 3045 1948 3093 AElio
1982 3042 2192 3105 Caesuri]
2224 3040 2363 3092 Vide
2397 3051 2576 3094 notam

362 3135 515 3172 sacra
537 3137 567 3171 e
591 3122 805 3172 Graecia
837 3131 1081 3182 assumta,
1117 3121 1272 3186 louge
1308 3129 1431 3170 aute

365 3199 692 3249 Hadrianum
728 3199 892 3247 Roma
923 3199 1216 3262 percoluit;
1248 3198 1341 3247 sed
1369 3198 1431 3247 il·

364 3276 437 3334 la,
478 3289 595 3339 quae
639 3275 886 3323 Eleusina
931 3273 1258 3328 dicebantur.
1302 3286 1430 3320 nun-

289 3415 293 3419 ·
370 3367 521 3416 quam
547 3353 726 3401 Romae
747 3340 1002 3414 percepta
1024 3357 1159 3400 suut.
1214 3350 1352 3401 Quin
1373 3357 1431 3400 et

364 3431 533 3481 multo
575 3437 717 3490 ante,
765 3444 827 3479 ea
879 3430 1099 3478 Romam
1144 3427 1431 3478 transferre

364 3506 560 3555 fnistra
605 3512 817 3555 conatus
856 3505 1123 3554 Claudius.
1187 3505 1433 3555 Eleusina

366 3596 516 3632 sacra
571 3583 804 3644 suscepit
853 3583 1063 3645 quidem
1114 3581 1433 3634 Hadrianus.

363 3659 629 3721 Spartiau.
660 3660 678 3688 ⁸
704 3659 835 3707 Post
870 3660 989 3717 hoc,
1025 3672 1122 3720 per
1154 3655 1335 3706 Asiam
1375 3663 1433 3706 et

366 3736 583 3791 insulas,
629 3734 693 3782 ad
740 3734 987 3783 Achaiam
1042 3734 1326 3796 navigavit,
1375 3740 1434 3783 et

370 3811 613 3860 Eleusina
629 3825 776 3859 sacra
794 3812 1034 3874 exemplo
1050 3810 1290 3860 Herculis
1308 3811 1433 3860 Phi·

365 3886 602 3950 lippique
646 3886 877 3949 suscepit
895 3886 930 3934 ι’
979 3886 1071 3935 sed
1117 3886 1341 3948 suscepit,
1376 3885 1430 3935 id

366 3969 470 4017 est.
493 3964 509 3989 ‘
535 3961 767 4011 initiatus
789 3960 908 4012 est.'
951 3962 1089 4011 Nam
1112 3960 1299 4011 falsum
1324 3976 1434 4011 om-

367 4038 494 4090 nino
550 4050 615 4085 ea
677 4050 824 4086 sacra
876 4038 1093 4086 Romam
1160 4038 1432 4088 translata.

302 4155 311 4161 ,
371 4115 546 4165 Quare
574 4113 655 4161 vel
685 4128 777 4162 nos
810 4115 1022 4177 penitus
1053 4113 1192 4164 fallit
1214 4115 1432 4178 Victus-3

368 4190 472 4251 vel,
493 4196 554 4239 ut
576 4190 771 4251 optime
796 4190 934 4253 apud
954 4191 1289 4254 Spanianum
1314 4192 1432 4242 doc·

368 4266 598 4317 tissimus
619 4265 977 4325 Casaubouus‚
1007 4267 1240 4320 imitatus
1268 4267 1433 4321 fuerit

1494 3121 1850 3182 penultimam
1885 3121 2165 3184 superioris
2194 3118 2405 3182 capitis.
2470 3118 2578 3168 Hic

1511 3196 1708 3246 Lucius
1724 3199 1882 3247 AElius
1899 3205 2056 3247 antea
2071 3198 2129 3247 1..
2141 3196 2405 3256 Ceionius,
2422 3194 2577 3244 Com·

1511 3275 1938 3340 modus,Verus;
1973 3281 2152 3337 postea
2185 3287 2329 3326 vero,
2366 3270 2431 3320 ab
2467 3270 2577 3319 Ha-

1513 3349 1693 3399 driano
1730 3348 2029 3413 adoptatus,
2063 3348 2251 3398 Lucius
2267 3347 2437 3400 AAElius
2460 3346 2577 3396 Cae-

1511 3441 1600 3477 sar
1622 3427 1808 3477 dietus.

1576 3501 1603 3544 ¹³
1627 3503 1880 3552 conditam
1907 3502 2011 3564 <ius
2043 3499 2253 3564 nomine]
2293 3500 2578 3552 Antinoum

1511 3579 1694 3633 urbem
1718 3578 1770 3626 iu
1794 3578 2041 3641 AEgypto.

1575 3658 1591 3692 ί
1611 3657 1867 3707 Hadriano
1886 3659 2099 3721 cupiente
2121 3659 2284 3716 saltam
2302 3659 2579 3721 producere,

1511 3734 1642 3797 cum]
1697 3733 1962 3795 Spartian.
2017 3740 2032 3771 ἔ
2067 3732 2355 3782 Antinoum
2410 3746 2578 3786 sunm,

1515 3806 1636 3856 dum
1690 3823 1784 3871 per
1827 3810 2001 3859 Nilum
2046 3810 2283 3872 navigat,
2328 3808 2578 3872 perdidit,

1514 3897 1668 3946 quem
1689 3883 2013 3933 muliebriter
2028 3882 2199 3934 flevit:
2226 3884 2289 3933 de
2310 3900 2415 3949 quo
2429 3884 2579 3933 varia

1514 3957 1655 4010 fama
1676 3968 1778 4016 est,
1802 3961 1916 4009 aliis
1940 3975 2058 4010 eum
2082 3961 2324 4010 devotum
2351 3975 2446 4023 pro
2469 3959 2577 4007 Ha-

1515 4034 1699 4084 driano
1737 4036 2113 4097 asserentibus,
2133 4041 2234 4087 διο.
2302 4037 2374 4085 Et
2396 4036 2579 4087 Graeci

1514 4112 1745 4177 quidem,
1769 4113 1975 4163 volente
2002 4113 2284 4170 Hadriano,
2307 4127 2423 4162 eum
2453 4126 2577 4160 con-

1515 4198 1870 4251 secraverunt‚
1913 4190 2123 4238 oracula
2164 4203 2260 4252 per
2302 4202 2420 4237 enm
2465 4186 2580 4236 dari

1516 4261 1847 4329 asserentes?
1864 4268 1962 4319 stc.
1994 4266 2248 4316 Veterum
2271 4273 2443 4315 autem
2465 4264 2579 4316 haee
