3023 4942
512 408 643 474 420
1105 421 1334 470 sexu
1386 419 1711 470 Aunnmr
1761 418 2117 468 vlo'roms

514 562 853 648 Regnavit
882 581 1093 629 annos
1127 562 1538 647 quindecim,
1563 582 1717 628 cum
1747 569 1941 646 patre
1974 569 2255 645 septem,
2285 559 2474 627 solus
2506 565 2714 630 oct0.²

512 667 714 732 Vixit
744 685 958 731 annos
988 666 1481 751 quinquaginta.

510 900 609 945 -2
640 895 786 960 Apud
809 896 1158 945 Mediolanium
1188 894 1366 948 Guelf.
1390 905 1444 945 et
1470 898 1637 960 Lugd.
1660 898 1810 945 1.-3
1844 894 2055 959 Septem,
2089 894 2185 960 [el]
2216 896 2342 944 solus
2378 897 2483 945 octo
2513 894 2719 945 Schott·

512 962 707 1012 Gaesb.
736 962 1131 1025 Delpb.Pitisc.
1164 966 1214 1011 et
1239 963 1365 1011 solus
1395 962 1551 1014 V111.
1579 961 1698 1010 Ala.

1479 1087 1697 1137 NOTAE

572 1185 592 1217 ‘
618 1185 738 1233 Cum
749 1188 888 1246 patre
911 1187 1105 1247 septem,
1120 1183 1246 1232 solus
1265 1182 1394 1244 octo]
1413 1182 1579 1232 Immo
1652 1197 1812 1247 supra
1833 1182 2048 1233 dictum.

511 1273 627 1309 cum
667 1268 818 1324 patre
851 1274 965 1325 sex,
999 1266 1056 1309 et
1095 1273 1281 1309 novem
1314 1260 1486 1307 solus:
1525 1267 1584 1309 ut

1272 1598 1496 1668 cAP.
1543 1597 1932 1665 XXXIV.

767 1734 1184 1797 cunnum,
1236 1735 1326 1782 ET
1376 1735 1686 1783 FRATER
1735 1735 1915 1784 Esus
1963 1734 2465 1797 inurrmms,

593 1854 658 1918 l.
702 1853 914 1920 cmo
929 1871 1111 1919 mus
1144 1856 1496 1938 imperavit
1530 1856 1723 1920 annis
1766 1855 2079 1920 duobus·
2165 1854 2375 1919 Hunc
2404 1854 2715 1938 plerique

509 1963 747 2041 putant
777 1957 1128 2022 Gordiano
1159 1963 1399 2035 satum,
1431 1959 1591 2022 dum
1640 1958 2029 2022 adolescens
2059 1978 2102 2021 a
2144 1957 2416 2021 muliere
2446 1962 2718 2021 matura

505 2061 965 2124 institueretur
1013 2059 1101 2124 ad
1148 2078 1447 2124 uxorem.
1533 2059 1596 2123 2.
1645 2059 1782 2123 Hic
1814 2058 2141 2123 Claudius
2171 2057 2466 2123 Gallieni
2512 2058 2716 2121 mori-

504 2162 681 2226 entis
711 2163 1039 2227 sententia
1074 2162 1456 2243 Imperator
1485 2160 1896 2241 designatuS,
1921 2161 2006 2225 ad
2039 2180 2241 2244 quem
2268 2159 2497 2225 Ticini
2527 2159 2717 2243 posi·-

506 2272 654 2328 tum
699 2284 822 2348 per
868 2264 1262 2329 Gallonium
1314 2262 1643 2327 Basilium
1688 2261 2078 2326 indumenta
2116 2262 2298 2343 regia
2350 2261 2714 2339 direxerat,

504 2368 938 2448 extinctoque
969 2385 1012 2429 a
1043 2364 1188 2428 suis
1231 2360 1581 2441 Aureolo,¹’
1608 2365 1906 2445 receptis
1948 2365 2319 2447 legionibus
2352 2364 2716 2427 adversum

506 2475 773 2550 gentem
823 2466 1311 2532 Alamanorum
1366 2465 1548 2531 haud
1599 2467 1833 2550 procul
1878 2488 1919 2533 a
1959 2468 2115 2532 lacu
2148 2467 2469 2530 Benaco⁰
2516 2466 2717 2529 dimi·-

506 2589 692 2647 cans,
753 2574 1015 2645 tantam
1069 2567 1568 2633 multitudinem
1622 2568 1820 2646 fudit,
1867 2573 1943 2632 ut
1993 2568 2168 2652 aegre
2219 2587 2380 2651 pars
2428 2567 2717 2633 dimidia

1440 2734 1807 2756 &mm

573 2851 708 2900 CAP.
730 2860 931 2899 xxxiv.
996 2853 1024 2898 1
1059 2850 1074 2878 ‘
1095 2851 1342 2912 Inperavit
1364 2867 1558 2901 annum.
1610 2852 1757 2901 Hunc
1780 2850 1927 2900 Leid.
1950 2855 1999 2901 1.
2050 2851 2245 2901 Annum
2279 2864 2441 2905 unum,
2478 2847 2719 2899 mensibus

502 2923 605 2964 octo
626 2915 776 2964 Leid.
800 2919 850 2962 2.
874 2912 966 2962 sed
992 2915 1042 2962 iu
1069 2926 1334 2980 receptam
1358 2919 1637 2966 lectionem
1662 2919 1968 2979 conspirant
1990 2930 2167 2964 omnes
2190 2915 2338 2972 editi,
2364 2928 2535 2977 neque
2558 2916 2718 2964 ullam

504 2979 812 3029 varietatem
835 2981 885 3026 in
912 2979 1022 3027 aliis
1048 2989 1345 3029 annotatam
1371 2981 1611 3044 reperio.’
1646 2983 1822 3030 Arntz.
1887 2983 2017 3031 Mox
2055 2982 2221 3030 ‘Dum
2253 2980 2523 3029 adolescens
2557 2993 2589 3028 a
2609 2994 2716 3027 mu-

503 3046 634 3094 liere.
680 3044 954 3095 Cratandri
979 3052 1033 3092 et
1058 3045 1280 3108 Grypbii
1303 3046 1583 3103 codd-dum
1597 3046 1657 3095 ab
1675 3047 1877 3095 Licensa
1892 3047 2103 3095 muliere.
2167 3043 2475 3106 Augustana
2499 3043 2584 3093 ed.
2602 3045 2717 3093 dum

503 3110 592 3158 alii
611 3109 815 3159 Licensa
836 3109 1062 3158 muliere.-
1096 3109 1234 3158 forte
1259 3118 1508 3173 corrupte
1553 3127 1644 3173 pro
1685 3128 1715 3160 a
1748 3111 1967 3159 Licensa.
2036 3111 2141 3159 Hic
2178 3110 2302 3158 mibi
2348 3124 2483 3174 aqua
2517 3111 2717 3157 baeret‘:

504 3186 623 3223 nam
649 3190 840 3223 morem
881 3175 1185 3223 instituendi
1211 3177 1273 3225 ad
1311 3191 1526 3225 uxorem
1560 3177 1695 3239 apud
1730 3176 2072 3238 antiquiorem
2110 3182 2376 3223 auctorem
2417 3175 2590 3236 legere
2614 3186 2716 3221 non

506 3239 730 3288 memini.
817 3239 1034 3286 Paullus
1080 3240 1213 3288 euim
1258 3242 1524 3290 Diaconos
1566 3243 1685 3288 hinc
1726 3240 2039 3303 exscripsit.'
2072 3239 2258 3288 Schott.
2346 3237 2715 3289 ‘casaubonus

505 3302 884 3353 emendandum
907 3309 1074 3364 putat,
1108 3305 1159 3353 in
1188 3307 1384 3355 muliere
1404 3307 1679 3355 Dalmatica
1708 3307 2064 3365 institueretur,
2098 3302 2199 3367 ascl
2231 3302 2446 3353 Gruter.
2514 3301 2718 3351 Probat

505 3367 693 3417 Arntz.
741 3369 1053 3416 sententiam
1096 3370 1352 3424 Salmasfi,
1389 3375 1473 3435 qui
1521 3373 1686 3419 locum
1730 3372 1855 3419 vitio
1897 3384 2077 3418 carere
2113 3369 2397 3431 judicavit.
2465 3367 2600 3415 Dum
2628 3366 2718 3415 alii

504 3433 730 3482 Liscensa
752 3432 969 3480 Alth—2
1006 3434 1140 3482 Hine
1162 3436 1389 3484 Claudius
1412 3435 1535 3484 Ald.
1600 3433 1748 3484 Infra
1780 3437 1795 3463 ⁸
1821 3436 2042 3496 Receptis
2064 3432 2350 3494 legionibus.
2386 3432 2488 3484 Qui
2511 3446 2595 3481 me
2619 3446 2711 3481 au·

505 3499 636 3552 diet,
672 3498 747 3546 ita
770 3504 991 3558 reponet
1010 3499 1211 3560 receptis
1249 3500 1514 3559 legionibus
1550 3502 1777 3548 adversus
1806 3505 1996 3560 gentem
2025 3499 2390 3547 Germanorum.
2464 3497 2551 3545 Sic
2576 3496 2711 3544 enim

505 3563 637 3612 Mss.
660 3571 715 3612 et
737 3563 1050 3610 Veronensis
1071 3578 1084 3610 ε
1116 3565 1311 3624 vulgati
1339 3580 1517 3613 omnes
1540 3565 1815 3626 regionibus
1835 3571 1882 3613 et
1902 3561 2089 3612 aciem.'
2132 3563 2338 3612 Schott.
2404 3562 2422 3589 ‘
2439 3560 2588 3609 Illam
2610 3561 2714 3609 lec·

506 3629 699 3676 tionem
722 3626 1026 3675 confirmant
1046 3642 1223 3677 omnes
1248 3630 1346 3677 mei
1371 3630 1522 3678 codd.
1542 3632 1637 3676 nisi
1665 3628 1802 3690 quod
1826 3630 2199 3678 Alamannorum
2226 3624 2713 3675 retineant.'Arntz.

504 3691 772 3740 Adversum
794 3693 942 3741 aciem
974 3692 1178 3742 Schott.
1219 3694 1413 3743 Gaesb.
1449 3694 1639 3756 Delph.
1682 3693 1864 3741 Pitisc.
1919 3695 2167 3741 adversum
2205 3697 2361 3739 autem
2394 3689 2518 3740 Ald.
2586 3691 2713 3739 Mox

514 3756 696 3806 Benaci
738 3755 861 3806 Ald.
902 3765 960 3807 et
1014 3759 1216 3822 priores
1276 3760 1625 3809 editorem—3
1675 3755 1850 3808 Guelf.
1898 3757 2055 3806 habet
2115 3756 2438 3811 Victorianus,
2482 3755 2631 3804 Leid.
2669 3757 2712 3802 1.

1506 3885 1723 3935 NO‘rAE

570 3989 596 4016 ⁸
623 3982 783 4033 Annis
803 3983 1005 4047 duobus]
1036 3984 1226 4032 Melius
1253 3983 1304 4032 in
1328 3989 1434 4033 vet.
1455 3982 1573 4032 cod.
1644 3997 1672 4030 a
1698 3979 1899 4029 Claudii
1933 3978 2180 4028 militibus
2205 3979 2522 4042 interpretor
2540 3993 2557 4026 ε
2596 3975 2709 4026 vide

488 4056 700 4117 ‘Annum
734 4073 895 4120 unum,
929 4058 1166 4107 mensibus
1194 4073 1370 4108 novem.
1442 4058 1571 4108 Qui·
1644 4064 1825 4105 notata
1850 4056 1900 4103 in
1926 4056 2241 4104 Caesaribus.
2631 4052 2636 4061 “
2689 4092 2693 4096 -

509 4131 627 4181 dam
665 4134 811 4181 aiunt
845 4135 1126 4195 imperasse
1163 4147 1352 4181 anuum
1395 4146 1572 4188 unum,
1706 4141 1728 4168 ⁰
1761 4132 1896 4182 Lacu
1938 4131 2150 4194 Benaco]
2187 4131 2272 4181 Ad
2314 4129 2528 4182 fluvium
2574 4131 2707 4181 Min-

507 4221 707 4256 menses
721 4207 923 4267 decem,
946 4208 1057 4256 dies
1079 4209 1324 4272 quinque.
1646 4208 1775 4260 tium
1801 4209 2021 4258 Mantua
2043 4215 2245 4258 notum.

572 4281 596 4315 b
621 4282 941 4346 Extinctoque
960 4299 992 4333 a
1011 4283 1114 4332 suis
1125 4283 1354 4349 Aureolo]
1388 4283 1433 4335 A
1454 4284 1577 4350 suis,
