3023 4942
906 393 1004 449 nu
1054 356 1499 451 effluamus
1540 401 1705 451 car.
1755 403 1898 453 xx.
1919 418 1920 421 ¹
2365 389 2494 456 291

292 547 690 612 borantibus
721 501 1168 669 secundarum
1209 545 1455 664 initia¹¹
1501 567 1865 632 earumque
1898 554 2210 613 auctores
2242 568 2499 613 memo-

293 651 415 715 riae
449 655 630 716 sunt.

382 751 492 816 32.
534 749 635 814 At
664 746 956 834 posteri,¹
983 753 1182 834 quasi
1209 753 1454 818 bellum
1486 753 1659 818 inter
1690 774 1764 817 se
1808 752 2143 817 mandatis
2190 755 2501 837 accepis·

298 860 470 925 sent,
506 853 863 918 confestim
913 874 1281 920 secessere.
1372 856 1479 920 Ita
1528 856 1730 932 Geta,
1775 856 1886 919 eui
1934 875 2176 919 nomen
2217 861 2498 938 paterno

299 958 393 1020 ab
428 952 601 1019 avok
634 963 801 1032 erat,
835 977 988 1021 cum
1020 957 1173 1039 ejus
1212 956 1617 1021 modestiore
1658 952 1954 1039 ingenio¹
1990 956 2200 1023 frater
2230 959 2503 1040 augere-

303 1064 432 1134 tur,
463 1058 790 1121 obsessus
833 1059 1112 1123 interiit.
1198 1059 1309 1122 33.
1358 1057 1530 1135 Quae
1556 1059 1842 1123 victoria
1874 1056 2241 1139 Papiniani
2282 1060 2501 1147 exitio

295 1160 546 1224 foedior
596 1159 803 1235 facta,
852 1168 931 1223 ut
987 1180 1148 1224 sane
1193 1166 1434 1245 putant
1482 1162 1826 1225 memoriae
1859 1176 1862 1177 ’
1890 1160 2176 1239 curiosi3
2254 1162 2506 1243 quippe

301 1281 504 1345 quem
533 1262 754 1325 ferunt
780 1263 896 1326 illo
941 1267 1239 1345 tempore
1270 1262 1588 1326 Bassiani
1621 1263 1865 1328 scrinia
1906 1262 2313 1338 curavisse,¹¹¹
2367 1281 2507 1325 mo-

299 1364 676 1448 nitumque,
698 1366 800 1429 uti
824 1384 973 1429 mos
999 1356 1126 1443 est,
1149 1364 1545 1429 destinanda
1569 1364 1860 1429 Romam
1881 1371 1910 1399 ¹¹
1941 1384 2147 1448 quam
2169 1365 2507 1429 celerrime

1235 1512 1600 1533 &Commu

303 1612 526 1664 Proinde
549 1612 743 1662 habent
762 1613 973 1663 Deinde
1011 1613 1212 1663 Scbott.
1247 1613 1438 1663 Gaesb.
1493 1613 1685 1663 Deinde
1720 1611 1915 1674 Delph.
1951 1610 2142 1660 Pitisc.
2209 1611 2510 1675 Legebatur

308 1686 432 1727 ante
452 1679 670 1728 Gruter.
690 1679 972 1727 Patrocinio
979 1678 1098 1743 sisoi
1119 1682 1290 1731 deinde
1310 1679 1652 1728 laborantibus.
1710 1678 1913 1726 ‘Labes
1936 1691 2131 1725 rursum
2154 1676 2236 1725 hic
2254 1684 2309 1726 et
2328 1678 2518 1739 hiatus,

306 1748 402 1792 aut
434 1745 563 1791 mire
586 1742 876 1791 salebrosas
908 1744 1069 1805 locus,
1090 1751 1148 1792 ut
1174 1744 1446 1807 depositus
1469 1752 1526 1792 et
1547 1743 1853 1806 deploratus
1877 1757 1990 1790 esse
2017 1741 2273 1790 videatur.
2341 1743 2516 1793 Quare

304 1809 478 1856 veteri
501 1821 644 1856 more
665 1814 786 1855 ante
805 1808 1015 1870 januam
1039 1810 1259 1870 colloco,
1291 1810 1334 1856 si
1357 1808 1489 1857 forte
1516 1823 1546 1855 a
1569 1815 1919 1870 praetereunte
1944 1807 2112 1856 curari
2139 1812 2329 1891 queat:
2364 1806 2515 1854 dubi-

304 1878 389 1921 tes
415 1874 551 1921 enim
577 1875 838 1920 rectiusne
863 1872 1262 1922 deliberantibus:
1296 1882 1353 1922 et
1375 1889 1494 1922 mox
1517 1888 1680 1921 earum
1701 1887 1807 1934 quae
1829 1871 2071 1932 adiutores
2096 1869 2279 1934 legas!
2316 1872 2520 1920 Gruter.

304 1940 440 1984 —33
477 1936 781 1985 Destinando
813 1951 989 1985 omnes
1029 1946 1227 1999 praeter
1254 1938 1484 1987 Gruner.
1509 1945 1565 1986 et
1601 1939 1721 2000 Bip.
1771 1937 2037 1986 Tentabat
2070 1936 2275 1985 Schott.
2298 1923 2522 1985 dictando

307 2002 574 2051 orationem
596 2016 740 2064 quam
761 2002 847 2051 cel.
868 2007 1177 2066 componeret.
1241 2002 1511 2054 Audacior
1532 2011 1637 2066 est,
1673 2001 1861 2064 judice
1888 2002 2035 2052 Harl.
2060 2001 2362 2064 conjectura
2383 2001 2519 2050 Arn-

1309 2132 1529 2183 No'rAE

308 2235 490 2279 autem
512 2227 625 2277 fisci
649 2228 919 2292 eligebant
940 2230 1292 2292 Imperatores
1315 2245 1380 2280 ex
1527 2237 1563 2263 ¹¹¹
1599 2229 1835 2279 Bassiani
1870 2229 2051 2278 scrinia
2091 2228 2350 2291 movisse]
2380 2227 2520 2277 Scri·

308 2320 533 2368 corpore
555 2305 944 2371 advocatorum,
979 2306 1066 2372 qui
1088 2307 1138 2355 in
1162 2307 1380 2356 diversis
1460 2305 1549 2355 nia
1575 2306 1729 2354 loculi
1753 2310 1807 2353 et
1825 2319 2019 2367 capsae,
2045 2304 2095 2353 iu
2120 2306 2307 2367 quibus
2332 2303 2523 2366 priuci-

308 2379 443 2430 foris
468 2381 818 2442 postulabant.

379 2456 406 2491 ¹³
439 2458 654 2507 Proinde
693 2458 940 2522 [Deinde]
964 2457 1286 2510 laborantibus
1305 2475 1379 2509 se·

309 2534 576 2583 caudarum
596 2534 761 2596 initia]
793 2536 1136 2584 Scribendum
1151 2535 1351 2599 proinde
1359 2551 1379 2593 ,-

311 2610 370 2659 id
396 2617 497 2665 est,
523 2616 538 2638 ‘
560 2609 690 2658 adeo
706 2608 741 2659 :'
775 2618 834 2661 ut
858 2612 1052 2675 optime
1073 2610 1209 2673 apud
1226 2612 1381 2674 Spar·

313 2689 447 2736 tian.
493 2686 784 2735 Casaubon.
891 2688 1079 2736 Sensus
1111 2694 1191 2736 est
1215 2704 1229 2737 ε
1288 2687 1381 2736 Se-

313 2775 473 2810 verus
511 2762 819 2813 Bassianum
861 2760 1023 2812 filium
1060 2762 1380 2812 Antoninum

314 2838 545 2892 vocavit,
570 2837 678 2901 ejus
702 2837 951 2888 Antonini
977 2840 1167 2902 gratia,
1189 2854 1255 2887 ex
1276 2852 1381 2904 quo

314 2913 432 2963 finci
452 2914 813 2977 patrocinium,
827 2915 1076 2964 honorum
1093 2914 1379 2977 auspicium

316 2990 584 3051 suscepit;
618 2988 752 3039 adeo
774 2990 922 3039 novis
957 2990 1247 3040 hominibus
1280 2992 1384 3053 pri·

318 3076 435 3112 mus
456 3064 674 3113 mitioris
695 3063 915 3115 fortunae
934 3065 1144 3129 gradus,
1170 3066 1384 3129 ejusque

321 3145 562 3188 aneto-es
604 3142 865 3190 memoriae
911 3141 1193 3192 adbaerent.
1246 3146 1263 3172 ‘
1288 3144 1385 3192 La·

318 3215 570 3264 borautes
585 3215 600 3237 ’
612 3224 765 3265 vocat
780 3217 965 3267 Victor
986 3233 1144 3268 novos
1157 3220 1387 3268 homines

319 3291 410 3356 qui
436 3306 704 3356 emergere
726 3292 989 3357 laborant;
1015 3302 1030 3325 ‘
1046 3296 1386 3344 secundarum

321 3367 505 3417 initia'
536 3368 756 3429 primum
797 3368 942 3419 illum
985 3370 1233 3420 honorum
1274 3386 1390 3434 gra-

324 3442 469 3504 dum,
502 3456 599 3505 per
634 3459 786 3507 quem
807 3459 1075 3510 emergere
1097 3446 1386 3509 incipiunt:

323 3526 382 3567 et
424 3518 441 3545 ⁸
477 3518 821 3568 secundarum
858 3520 1136 3585 auctores‚’
1171 3536 1260 3571 eos
1302 3523 1390 3587 qui

323 3593 481 3656 primi
516 3594 756 3656 jacentes
812 3595 1057 3646 attollunt
1105 3603 1162 3646 et
1205 3600 1391 3661 produ·

326 3676 474 3718 cunt.

396 3743 412 3777 ¹
443 3745 659 3808 Posteri]
692 3746 833 3796 Geta
854 3754 910 3797 et
930 3748 1226 3800 Bassianum

395 3819 421 3854 Κ
458 3822 552 3870 Cui
578 3838 747 3873 nomen
776 3830 976 3887 paterno
1011 3827 1070 3875 ab
1107 3827 1218 3891 avo]
1251 3828 1389 3878 Nam

325 3897 510 3948 Severi
534 3907 687 3960 pater
708 3900 852 3950 Geta
871 3902 1177 3953 vocabatur.

406 3972 560 4023 ¹Cum
581 3974 680 4036 ejus
703 3978 983 4029 modestiore
1004 3979 1219 4046 ingenio]
1239 3979 1395 4031 Hanc

331 4047 491 4106 Getae
517 4051 841 4115 modestiam,
871 4054 1217 4106 humilitatem
1241 4065 1397 4107 vocat

330 4126 639 4189 Spartianus
682 4128 738 4177 in
780 4128 1047 4180 Antonino
1092 4134 1394 4184 Caracalla:

333 4201 610 4253 ‘Fratrem
633 4217 819 4269 magna
845 4206 961 4308 ejus
993 4207 1286 4260 humilitate
1309 4207 1396 4259 de·

332 4278 542 4344 spekitss

1458 2382 1540 2446 pis
1564 2391 1685 2433 acta
1706 2396 1824 2445 quae
1850 2382 1914 2429 ad
1933 2381 2022 2444 jus
2046 2381 2331 2444 pertinent,
2355 2392 2530 2428 asser-2

1462 2463 1674 2507 vantur:
1709 2456 1897 2521 quibus
1935 2458 2022 2523 qui
2069 2455 2308 2520 praefeeti
2352 2461 2531 2512 erants

1458 2534 1474 2561 ‘
1502 2534 1806 2583 scriniorum
1863 2534 2098 2596 magistri
2133 2533 2147 2555 ’
2201 2533 2526 2583 dicebantur.

1461 2612 1630 2660 Fuere
1665 2610 1790 2660 item
1827 2611 2019 2659 scrinia
2043 2610 2161 2674 alia,
2184 2624 2399 2676 quornm
2424 2610 2528 2659 alia

1461 2684 1479 2713 ⁸
1500 2686 1693 2734 scrinia
1727 2684 2042 2746 memoriae;’
2075 2687 2297 2735 ‘scrinia
2333 2686 2528 2748 episto⁴

1462 2762 1628 2811 larum
1649 2761 1682 2821 ;'
1728 2761 1943 2810 ‘scrinia
1985 2762 2275 2811 libellorum
2291 2761 2327 2823 ;'
2368 2760 2529 2810 ‘scri-

1462 2836 1552 2886 nia
1574 2836 1966 2899 dispositionum
1983 2836 2016 2901 ς’
2049 2841 2064 2866 ‘
2082 2838 2270 2887 scrinia
2297 2838 2531 2901 largitio·-

1462 2927 1583 2962 num
1600 2912 1637 2961 :'
1666 2928 1779 2977 quae
1798 2913 1998 2975 singula
2017 2929 2134 2963 snos
2152 2914 2378 2963 habuere
2397 2930 2530 2978 prae·

1463 2986 1656 3050 sectos,
1674 2990 1761 3052 qui
1783 2992 1797 3018 ‘
1817 2990 2051 3052 magistri
2073 2989 2371 3046 memoriae‚'
2395 2993 2532 3038 ‘maa

1465 3065 1615 3128 gistri
1643 3064 2036 3128 epistolarum,’
2072 3067 2339 3128 ‘magistri
2381 3065 2533 3115 libel-⁷

1465 3138 1672 3201 lorum,'
1692 3143 1792 3188 ὅτε.
1814 3138 2144 3192 dicebantur.
2217 3141 2531 3189 Libellorum

1467 3224 1642 3264 autem
1680 3215 1872 3264 scrinia
1909 3217 2173 3265 curavisse
2210 3216 2306 3266 sub
2336 3218 2533 3267 Severo

1466 3292 1816 3355 Papinianum
1863 3287 2197 3356 cognoscitur
2240 3309 2305 3341 ex
2347 3294 2410 3342 L.
2452 3308 2534 3343 re-

1469 3369 1722 3430 scriptum
1748 3372 1827 3416 12.
1852 3370 1918 3417 D.
1942 3368 2006 3417 de
2032 3369 2193 3418 Distr.
2215 3370 2333 3433 Pig.
2355 3373 2534 3434 quam·
2596 3361 2599 3364 “

1470 3443 1549 3493 vis
1586 3444 1676 3493 hie
1694 3444 1881 3506 Victor
1913 3460 2030 3495 eum
2054 3447 2389 3495 ‘scriniorum
2428 3461 2535 3496 ma·

1471 3520 1724 3586 gistrum’
1758 3522 1963 3573 videtur
1991 3524 2306 3587 intelligere.

1535 3608 1561 3634 ¹²
1590 3600 1895 3652 Destinanda
1932 3604 2261 3669 [destinando]
2312 3603 2533 3665 Romam]

1471 3676 1689 3739 Optime
1722 3678 1944 3729 casaub.
1963 3677 2119 3743 'apud
2155 3678 2419 3743 Spartian-
2431 3675 2443 3692 ¹
2456 3680 2538 3727 de·

1469 3754 1696 3801 stinanda
1717 3754 1916 3803 Romam
1932 3771 1949 3804 .·
1982 3771 2100 3805 nam
2123 3758 2389 3810 existimat
2411 3757 2538 3815 Vic-⁴

1471 3835 1553 3877 tor
1563 3832 2035 3892 patratamcaedem
2048 3832 2221 3889 Getae,
2238 3834 2537 3895 priusquam

1472 3918 1540 3953 ex
1579 3906 1855 3956 Britannia
1896 3908 2115 3957 Romam
2153 3908 2302 3957 ambo
2342 3906 2536 3956 fratres

1472 3988 1901 4045 reverterentur-3
1948 3999 2066 4034 cum
2112 3991 2294 4046 tamen,
2332 3989 2538 4038 certum

1474 4058 1546 4106 sit
1566 4059 1792 4107 occisum
1820 4060 2011 4110 Getam
2033 4061 2213 4110 Romae
2238 4060 2288 4108 in
2322 4059 2537 4122 palatio,

1475 4148 1575 4183 nec
1593 4135 1863 4185 confestim
1880 4153 1898 4198 ;
1930 4138 2022 4187 sed
2041 4152 2155 4186 cnm
2172 4150 2357 4185 annum
2381 4150 2538 4183 unum

1476 4210 1694 4275 diesque
1733 4212 1882 4263 x'xn.
1923 4229 2037 4263 cum
2073 4203 2238 4263 fratre
2270 4209 2538 4276 imperinm

1478 4286 1818 4339 obtinuisset:
1854 4288 1945 4340 sed
1979 4287 2125 4339 fuere
2149 4288 2238 4354 qui
2261 4288 2414 4339 aliter
2436 4294 2542 4337 tra-
