3023 4942
526 404 660 472 278
1076 424 1305 473 snxri
1374 424 1696 474 Auream!
1759 424 2128 475 vrc'roms·

530 565 683 629 usui
733 565 1038 631 instituit.
1122 570 1186 631 4.
1234 567 1485 632 Immiti
1538 589 1817 653 prorsus
1877 570 2155 653 feroque
2203 571 2491 654 ingenie,
2561 574 2733 639 adeo

527 667 798 751 quidem
826 673 899 732 ut
928 668 1359 750 gladiatoreS,
1404 672 1633 753 specie
1666 672 2122 756 depugnandi,
2172 676 2404 738 crebro
2448 678 2734 741 trucida-

527 777 669 833 ret:
718 790 867 834 cum
899 770 1043 852 ipse
1074 772 1338 849 ferrum,
1373 773 1711 856 objectum
1745 777 2113 839 vei-onibus
2137 774 2163 812 ¹³
2211 777 2574 859 plumbeiS,
2605 786 2736 842 ute-

524 880 732 935 retur.
822 872 887 936 5.
932 871 1239 956 Cumque
1269 894 1350 937 eo
1380 873 1585 938 modo
1636 875 1866 958 plures
1908 877 2344 952 confecisset,
2373 878 2544 943 forte
2585 900 2736 944 eum

525 972 776 1037 Scaeva
806 975 1098 1047 nomine,
1155 975 1446 1040 audacia
1494 997 1578 1040 ao
1626 979 1868 1042 robore
1920 980 2226 1062 corporis
2257 981 2735 1064 pugnandique

524 1080 670 1138 arte
701 1073 1082 1156 perfidens)
1129 1078 1215 1140 ab
1239 1076 1465 1140 studio
1498 1079 1617 1141 tali
1650 1077 2009 1158 deterruit3
2058 1082 2174 1164 qui
2206 1088 2427 1165 spreto
2455 1078 2738 1164 gladio}

530 1195 737 1261 quem
765 1178 1074 1243 inutilem
1107 1178 1780 1256 cernebat,‡sufficere
1810 1182 2072 1266 utrique
2102 1184 2225 1263 ait,
2264 1202 2402 1268 quo
2431 1186 2739 1250 armaba-

1417 1327 1543 1348 ‘m
1548 1326 1798 1348 &omno

523 1424 821 1487 Delpb.-4
841 1423 1069 1475 ‘Ferrum
1081 1423 1312 1486 objectum
1328 1425 1592 1476 vomitibus.
1613 1424 1923 1487 'Legendum
1946 1424 2181 1476 Olivario
2200 1425 2498 1483 videbatur,
2516 1428 2742 1489 cumipse

510 1489 654 1547 ferro
674 1489 885 1550 obiectus
895 1491 1199 1541 mucronibus
1228 1491 1461 1554 plumbeis
1481 1496 1732 1540 uteretur-..⁶
1767 1493 1869 1551 vel,
1891 1491 2098 1553 objectus
2117 1508 2227 1542 vero
2259 1493 2557 1541 mucronibus
2586 1495 2740 1554 plum·

515 1554 642 1608 heis,
668 1557 751 1617 ξε.
820 1555 960 1606 Quid
1001 1556 1042 1603 si
1085 1556 1352 1616 peronibus,
1381 1557 1481 1610 vel,
1521 1564 1576 1603 ut
1613 1555 1736 1603 alibi
1780 1556 2053 1617 scriptum,
2076 1558 2324 1605 cer-onibus
2340 1553 2367 1606 :1
2420 1558 2541 1607 Nic.
2567 1558 2742 1607 Faber

521 1620 601 1667 sic
625 1617 914 1682 divinabat,
947 1634 1052 1667 cum
1078 1619 1174 1682 ipsi
1192 1620 1331 1679 ferro
1349 1620 2039 1732 οὺᾰεοωύενοπίὁηοῖἱιιηώεὶε
2060 1622 2311 1670 uteretur!
2344 1622 2552 1670 Scliott.
2599 1622 2740 1671 Vide

520 1684 654 1733 Not.
679 1685 872 1747 Delpb.
940 1690 954 1712 ‘
977 1685 1123 1733 Nihil
1147 1700 1358 1733 necesse
1380 1687 1586 1733 videtur
1609 1693 1683 1733 tot
1712 1701 1793 1734 mo
1836 1688 1876 1732 is
1902 1693 2104 1733 tentare
2125 1686 2312 1747 locum,
2337 1687 2424 1748 qui
2447 1688 2587 1735 nullo
2613 1688 2741 1735 vitio

520 1747 748 1797 laborat.
815 1750 1011 1798 Sensus
1035 1758 1147 1798 est:
1185 1750 1309 1812 Ipse
1334 1751 1580 1798 utebatur
1605 1749 1781 1810 gladio
1795 1750 1964 1812 justo,
1988 1750 2074 1814 qui
2098 1750 2337 1812 objectus
2357 1759 2471 1799 erat
2498 1752 2741 1814 plumbeo

516 1826 618 1861 seu
642 1813 827 1861 obtuso
852 1814 1133 1864 adversarii
1158 1815 1354 1877 gladio.
1374 1816 1542 1865 -Quod
1562 1815 1639 1863 uti
1663 1817 1894 1877 posuerit
1918 1831 2037 1862 cum
2060 1824 2248 1877 quarto
2265 1830 2408 1870 casu,
2429 1817 2740 1864 sententiam

506 1876 685 1927 -efficit
706 1877 1005 1939 duriorem.;
1040 1879 1299 1942 qinomodo
1321 1890 1493 1930 tamen
1517 1880 1665 1928 multi
1689 1881 1852 1928 locuti
1875 1880 2087 1928 fuerunt
2113 1895 2197 1941 ap.
2224 1880 2423 1931 Gunth.
2445 1883 2567 1930 Lat.
2592 1882 2739 1929 Rest.

518 1956 575 2003 p.
599 1946 746 1991 1215.
767 1953 821 1992 et
847 1946 994 1992 Cort.
1020 1945 1083 1993 ad
1109 1946 1233 1993 Sall.
1255 1945 1379 2006 Jug.
1401 1960 1448 1993 c.
1472 1944 1573 1993 12!
1594 1945 1866 1995 Arata—5
1894 1946 2029 1993 Mss.
2053 1959 2140 2005 ap.
2160 1945 2359 1994 Schott.
2383 1961 2511 1994 saeva
2534 1947 2737 1994 nomine.

521 2007 653 2055 Mox
689 2015 702 2036 ⁸
722 2008 973 2071 Perfidens
1009 2010 1140 2058 bene
1166 2011 1391 2071 conjecit
1415 2009 1661 2072 Sylburg.
1695 2010 1744 2057 iu
1776 2018 2084 2071 textumque
2111 2011 2314 2072 recepit
2339 2011 2625 2069 Grunerus,
2651 2025 2745 2071 pro

523 2072 754 2135 vulgato,
773 2083 837 2123 at>
850 2084 1094 2139 corrupto
1120 2073 1282 2139 [quod
1304 2089 1482 2125 omnes
1506 2075 1574 2123 al.
1601 2073 1747 2136 edd.]
1779 2073 2067 2139 pervidens)
2092 2074 2252 2139 Har-lg
2311 2074 2461 2140 Conj.
2490 2075 2738 2125 Schottus

1516 2185 1739 2238 NOTAE

520 2296 674 2349 Unde
699 2308 850 2364 patet
874 2300 1168 2364 Augustum
1186 2316 1414 2351 mensem
1434 2302 1588 2352 Com-

505 2378 729 2427 ·modum
773 2377 986 2433 dictum,
1034 2393 1137 2427 uon
1185 2393 1307 2431 vero
1351 2378 1588 2438 Septem·

506 2451 688 2515 ..bi-em,
714 2461 769 2503 ut
809 2455 995 2504 Victor
1027 2463 1082 2504 et
1112 2456 1346 2520 ‘Eutrop.
1385 2450 1588 2503 Probat

515 2531 849 2594 Lampridius
895 2533 946 2580 in
982 2532 1304 2581 Commodo:
1338 2537 1354 2559 ⁶
1376 2532 1588 2580 Menses

518 2622 729 2672 quoque
752 2607 804 2657 in
822 2610 1066 2658 bonorem
1087 2609 1219 2671 ejus,
1236 2624 1332 2672 pro
1350 2608 1588 2670 Augusto

506 2683 881 2745 Commodum,
912 2683 1207 2747 Augustum
1232 2698 1328 2746 pro
1353 2685 1588 2745 Septem·

515 2756 621 2815 bri,
670 2758 987 2808 Herculeum
1036 2774 1129 2823 pro
1179 2758 1441 2820 Octobri,'
1491 2763 1590 2809 ἀρ.

516 2834 606 2882 ubi
623 2831 742 2884 vide
765 2850 878 2900 quae
896 2850 926 2884 a
941 2835 1067 2885 viris
1083 2835 1392 2884 doctissimis
1408 2841 1590 2893 notata

500 2918 665 2966 munt.

582 2997 609 3032 3
642 2989 829 3038 Moenia
860 2989 1076 3038 Romana
1104 2987 1320 3052 potentia
1355 2991 1445 3039 vix
1474 2991 1583 3053 dig·-

514 3063 604 3125 no]
637 3064 869 3126 Scaliger
897 3065 1034 3129 apud
1062 3065 1341 3113 Eusebium
1378 3066 1587 3128 legebat

516 3138 738 3192 Amoeuia
767 3141 1013 3202 Romaim,-
1043 3141 1264 3201 amoenia,
1296 3140 1348 3190 id
1380 3150 1461 3189 est
1499 3142 1587 3191 ἂκ-

516 3213 612 3263 ταί·
637 3216 751 3265 loca
774 3231 991 3281 amoena,
1012 3224 1071 3265 ut
1097 3218 1309 3276 littora3
1346 3216 1479 3281 quod
1503 3219 1586 3267 bic

516 3305 669 3340 nemo
699 3292 969 3354 probabit:
1009 3308 1125 3341 nam
1157 3300 1214 3343 ut
1237 3294 1335 3341 alia
1360 3296 1585 3356 mittam,

516 3375 621 3415 cut·v
666 3367 922 3430 adjiceret
978 3369 1165 3417 Victor
1219 3370 1447 3419 Potentia
1499 3370 1588 3420 vix

514 3440 704 3505 digua?
750 3444 1094 3494 Doctissimus
1125 3446 1420 3500 Salmasius,
1444 3447 1585 3508 apud

516 3520 871 3583 Lampridium
905 3522 956 3569 in
982 3523 1282 3584 Commodo,
1307 3524 1479 3572 vnoenia
1500 3524 1586 3573 bic

515 3595 893 3659 interpretatur
927 3604 942 3632 ³
966 3599 1213 3661 quassibet
1237 3613 1394 3660 opera
1429 3607 1586 3664 atque

515 3670 737 3720 aedificia
762 3672 1009 3733 publica?
1065 3675 1136 3724 Et
1170 3690 1344 3724 verum
1369 3687 1449 3726 est
1473 3694 1586 3726 moe·

515 3747 602 3796 nia
655 3748 966 3813 quandoque
1024 3750 1098 3800 ita
1156 3765 1272 3799 esse
1328 3753 1588 3816 accipien-

517 3823 617 3885 da3
651 3825 743 3873 sed
782 3825 1019 3877 hocloco
1050 3827 1136 3875 vix
1167 3827 1356 3875 adduci
1383 3843 1591 3890 possum

516 3908 579 3950 ut
609 3902 852 3951 credam:
879 3917 1051 3967 neque
1081 3904 1217 3951 enim
1238 3904 1468 3961 Romana,
1494 3906 1590 3955 im·

515 3990 602 4027 mo
628 3992 797 4042 neque
835 3979 1052 4041 potentia
1083 3978 1172 4027 vix
1207 3980 1375 4041 digna,
1405 3983 1593 4031 Victor

517 4056 817 4120 adjecisset.
863 4057 1021 4108 -Quid
1048 4057 1243 4119 igitur?
1279 4060 1466 4109 moenia
1486 4062 1589 4109 Ro·

515 4146 668 4180 mana
721 4132 926 4181 lavandi
994 4133 1110 4180 usui
1162 4133 1463 4184 ¹instituisse
1514 4138 1588 4187 ait

517 4206 889 4268 Commodum;
923 4209 1044 4271 quia
1068 4209 1296 4260 thermas
1321 4212 1480 4275 juxta
1501 4228 1588 4277 ea,

472 4295 475 4296 ⁷
516 4284 582 4332 ad
622 4285 812 4347 pedem
850 4283 1051 4352 scilicet
1081 4287 1271 4340 montis
1292 4289 1585 4354 viminalis,

516 4358 817 4411 aedificavit.

1733 2298 1757 2332 ¹²
1797 2300 1917 2348 Cum
1950 2298 2053 2361 ipse
2073 2298 2285 2358 serrum,
2306 2301 2536 2362 obiectum
2559 2299 2740 2363 [obtem

1669 2377 1795 2440 tum]
1822 2376 2094 2440 ver-onibus]
2124 2375 2377 2424 Mendose
2401 2376 2629 2438 scriptus
2646 2377 2738 2426 hic

1670 2452 1833 2503 locus.
1873 2452 2208 2502 Restituebat
2228 2453 2454 2517 Lipsius,
2481 2453 2603 2503 Cum
2635 2454 2738 2517 ipse

1656 2530 1798 2591 ferro
1839 2532 2022 2579 obtecto
2059 2530 2338 2580 teronibus:
2385 2537 2445 2580 ut
2484 2546 2631 2579 meus
2668 2532 2740 2581 si‘t

1669 2609 1803 2656 mala
1821 2606 2005 2656 fraude
2029 2621 2287 2671 pugnasse
2307 2607 2668 2662 Commodum,
2683 2617 2740 2657 et

1671 2685 1815 2733 velut
1859 2684 2060 2732 lusoriis
2102 2683 2256 2731 armis
2299 2689 2553 2741 uteretur,
2589 2697 2738 2732 usum

1671 2760 1828 2821 veris,
1872 2760 2064 2808 ferrum
2104 2759 2240 2807 enim
2282 2758 2566 2811 obduxisse
2609 2758 2743 2807 dun-

1671 2843 1818 2885 taxat
1834 2836 2035 2884 laminis
2053 2850 2080 2883 e
2104 2833 2342 2897 plumb03
2368 2849 2484 2883 cum
2506 2832 2737 2896 gladium

1671 2913 1839 2974 ipsum
1866 2919 2112 2975 putarent
2135 2927 2248 2962 esse
2273 2927 2302 2961 e
2326 2912 2557 2975 plumbo.
2603 2912 2739 2962 Haec

1667 2989 1899 3050 Lipsius,
1925 2988 2015 3036 sed
2050 2989 2200 3037 nimis
2238 2986 2387 3037 dure.
2456 2989 2738 3038 Salmasius

1668 3065 1806 3126 apud
1835 3063 2207 3126 Lampridium,
2233 3066 2356 3112 Cum
2376 3063 2471 3126 ipsi
2486 3064 2629 3122 ferro
2661 3065 2744 3113 ob·

1666 3145 1790 3188 tecto
1834 3139 2133 3189 mucronibus
2187 3139 2421 3208 plumbeis
2459 3144 2740 3190 uterentur:

1668 3216 1983 3279 gladiatores
2040 3231 2160 3265 cum
2228 3215 2415 3279 quibus
2471 3218 2742 3280 pugnabat

1669 3292 2001 3353 Commodus,
2018 3291 2286 3354 plumbeos
2309 3299 2511 3340 tantum
2536 3308 2739 3342 mucro·

1666 3382 1758 3417 nes
1802 3368 2081 3428 habebant,
2127 3375 2216 3416 aut
2258 3364 2475 3423 ferrum,
2509 3368 2653 3427 cujus
2688 3369 2738 3416 in
2813 3413 2818 3420 .

1668 3452 1903 3493 extremo
1946 3453 2098 3494 erant
2150 3457 2424 3492 mucrones
2479 3443 2741 3506 plumbei:

1667 3520 1759 3569 sed
1792 3535 1894 3570 non
1927 3522 2134 3581 placet;
2172 3533 2273 3567 non
2311 3520 2451 3567 enim
2483 3519 2738 3581 gladiato·

1671 3612 1781 3646 rum
1807 3604 2025 3653 tantum,
2050 3595 2141 3644 sed
2173 3596 2328 3643 etiam
2354 3594 2624 3644 Commodi
2657 3610 2737 3644 ar-

1667 3687 1750 3721 ma
1772 3672 2025 3722 describit
2039 3673 2254 3720 Victort
2278 3670 2556 3733 legendum
2575 3673 2737 3721 omni-

1655 3763 1756 3806 -no,
1783 3750 1904 3798 Cum
1938 3747 2038 3811 ipse
2055 3748 2217 3811 ferro,
2245 3747 2456 3807 obiectus
2487 3748 2736 3797 veronibus

1666 3825 1915 3888 plumbeis,
1931 3828 2163 3873 uteretur.
2215 3822 2437 3871 Lucenti
2459 3820 2601 3871 ferro
2621 3831 2736 3872 ute-

1673 3900 1831 3950 batur
1862 3900 1915 3949 in
1951 3915 2124 3963 pugna
2157 3898 2505 3960 Commodus;
2539 3898 2739 3961 gladia·

1672 3983 1814 4028 tores
1853 3975 2130 4032 verouibus
2166 3974 2444 4035 plumbeis,
2468 3973 2652 4037 quibus
2679 3972 2736 4023 fi·

1654 4053 1859 4102 ‘denter
1883 4067 1939 4100 se
1963 4051 2268 4113 objiciebat.

1735 4128 1749 4161 ¹
1785 4128 2137 4189 Pugnandique
2158 4131 2263 4174 urle
2289 4125 2526 4190 perficiens
2547 4125 2570 4188 [
2580 4123 2735 4187 peni-

1667 4205 1807 4267 dens]
1844 4204 1991 4251 Beue
2013 4200 2320 4265 Sylburgius
2336 4201 2592 4266 perfidas.

1723 4280 1754 4316 *¹¹
1793 4281 1997 4344 Gladio]
2031 4282 2140 4331 Suo
2164 4280 2388 4356 scilicet,
2425 4279 2544 4344 quia
2573 4279 2732 4343 plum·

1667 4354 1793 4407 beus
1818 4363 1952 4408 erat.
