3023 4942
900 400 998 455 DE
1045 401 1484 453 GAESARIBUS
1533 402 1699 450 cAP.
1746 399 1993 450 xxnl.

2413 380 2547 447 295

350 552 526 619 torio
592 552 882 635 gerebat,
960 534 1352 634 Imperator,
1431 545 1713 630 ejusque
1779 543 1959 608 filius
2025 540 2489 609 Diadumenus
2519 540 2546 607 ἓ

350 655 622 719 nomine
672 653 910 719 Caesar
959 672 1002 717 a
1044 652 1418 734 legionibus
1466 648 1895 733 appellatur?
2004 645 2068 709 2.
2115 643 2386 722 Quibus
2435 664 2545 721 eo,

351 756 535 841 quod
575 758 807 838 ingens
854 756 1085 820 amissi
1124 753 1450 839 principis
1494 750 1903 816 desiderium
1947 754 2111 825 erat,
2154 748 2547 813 adolescen-

350 868 491 924 tem
534 856 949 922 Antoninum
985 859 1340 922 vocavere.
1425 856 1498 925 3.,
1541 854 1799 918 Horum
1843 852 2004 915 nihil
2045 856 2284 933 praeter
2323 867 2546 913 saevos

351 967 556 1044 atque
602 957 955 1025 incivilesd
1003 960 1268 1023 animos
1309 957 1570 1022 interim
1610 954 2003 1036 reperimus,
2088 952 2151 1014 4.
2199 948 2359 1028 Qua
2393 969 2544 1031 gra-

347 1063 448 1127 tia
475 1062 818 1126 mensibus
847 1062 1050 1124 ferme
1083 1065 1364 1144 quatuor
1394 1078 1475 1122 ac
1509 1057 1739 1119 decem
1759 1061 1781 1086 ⁸
1810 1056 1932 1119 vix
1961 1059 2216 1118 retento
2233 1052 2543 1134 imperi0,

347 1182 473 1247 per
503 1183 680 1248 quos
709 1161 909 1227 creati
937 1162 1218 1241 fuerant,
1248 1160 1582 1225 interfecti
1612 1152 1817 1221 sunt!

1335 1324 1382 1374 N
1394 1321 1559 1373 OTAE

416 1426 440 1460 ὓ
476 1425 823 1489 Diadumenus]
854 1425 920 1475 In
956 1425 1177 1475 nummis
1214 1423 1404 1474 veteri·

346 1501 449 1552 bus
473 1501 662 1550 dicitur
688 1501 846 1550 etiam
869 1500 1278 1549 Diadumenionus
1291 1516 1312 1558 ,·
1347 1506 1404 1548 ut

343 1581 361 1608 ⁴
378 1579 758 1642 Hermogenes,
780 1575 1273 1639 Hermogenianns.’

415 1664 438 1691 ⁰
474 1657 639 1704 Cesar
658 1670 691 1703 α
708 1654 972 1716 legionibus
986 1652 1272 1717 appellatur]
1295 1652 1407 1704 Cae-

346 1744 517 1783 sarem
541 1738 742 1782 tantum
775 1718 1153 1780 Diadumenum
1177 1730 1406 1793 appella·

345 1817 459 1859 tum
499 1808 680 1857 scribit
716 1807 1002 1856 Herodian.
1036 1821 1193 1871 quare
1229 1815 1282 1856 et
1307 1808 1404 1856 Ca·

342 1884 556 1949 pitolin.
578 1884 631 1932 in
658 1883 911 1933 Macrino.
934 1890 948 1912 ⁸
970 1882 1248 1932 Sciendum
1274 1897 1406 1946 prae-

344 1957 531 2019 terea,’
573 1957 760 2022 inquit,
803 1963 817 1987 ⁸
844 1957 985 2021 quod
1030 1958 1205 2007 Caesar
1248 1957 1405 2006 fuisse

344 2033 577 2096 dicatur,
596 2048 703 2084 non
726 2033 1019 2096 Augustus,
1050 2032 1408 2084 Diadumenus

345 2124 502 2175 puer,
522 2124 675 2175 quem
698 2110 936 2174 plerique
966 2112 1079 2173 pari
1105 2108 1261 2160 fuisse
1286 2126 1403 2161 cum

345 2195 502 2251 patre
536 2187 753 2251 imperio
783 2185 1147 2236 tradiderunt.⁸
1210 2186 1425 2249 Verum·

345 2261 681 2325 Lantpridius
714 2263 767 2312 in
791 2263 1137 2327 Diadumeno,
1164 2277 1265 2311 non
1290 2263 1405 2311 Cae-

343 2351 536 2394 sarem,
576 2337 666 2387 sed
722 2339 1115 2402 imperatorem,
1170 2338 1405 2403 adeoque

342 2407 661 2477 Augustum,
695 2427 813 2462 cum
849 2420 1001 2477 patre
1028 2422 1266 2462 vocatum
1290 2429 1406 2463 nar·

342 2499 466 2551 rat}
516 2491 731 2553 ejusque
772 2491 1061 2540 orationem
1106 2490 1179 2539 ad
1216 2491 1408 2541 milites

342 2565 516 2628 ponit,
549 2564 829 2629 additque:
865 2567 885 2597 ⁴
904 2565 1233 2615 Herodianus
1256 2567 1407 2617 Grn-

342 2656 439 2691 cns
465 2642 690 2705 scriptor
714 2643 827 2692 haec
858 2643 1186 2707 praeteriens,
1210 2645 1407 2694 Diadu-

341 2715 549 2767 inenum
587 2725 787 2767 tantum
816 2718 1076 2767 Caesarem
1116 2719 1243 2768 dicit
1279 2734 1404 2783 pue-

338 2804 458 2846 rum
481 2809 513 2843 a
534 2793 784 2844 militibus
813 2801 1186 2858 nuncupatum,
1208 2801 1264 2845 et
1287 2810 1404 2850 cum

1485 1428 1636 1485 patre
1692 1420 1936 1470 occisum.
1957 1418 1973 1441 ’
2053 1418 2207 1468 Hanc
2259 1416 2546 1481 Lampridii

1485 1498 1791 1547 sententiam
1830 1500 2116 1559 sequuntur
2148 1495 2368 1556 Eutrop.
2392 1501 2446 1543 et
2471 1495 2547 1542 in-

1486 1573 1570 1624 fra
1607 1574 1955 1637 Epitomista:
1988 1573 2005 1599 ‘
2033 1571 2241 1634 Opilius
2271 1570 2544 1619 Macrinus

1487 1666 1604 1700 cum
1660 1649 1765 1699 filio
1808 1647 2136 1698 Diadumeno
2184 1645 2543 1711 Imperatores

1488 1725 1662 1778 faeti)

1548 1802 1577 1837 ⁴¹
1611 1803 1802 1852 Horum
1841 1802 1966 1851 nihil*
2000 1805 2178 1864 prater
2214 1813 2366 1848 soevos
2404 1802 2547 1862 atque

1484 1878 1724 1943 inciviles]
1764 1876 2035 1941 Lamprid.
2081 1877 2134 1925 in
2180 1874 2547 1924 Diadumeno:

1486 1959 1502 1983 ⁶
1521 1956 1624 2005 Hic
1645 1964 1816 2006 tamen
1834 1968 1951 2004 xrv.
1969 1967 2144 2003 mense
2164 1952 2369 2017 imperii
2387 1952 2454 2001 ob
2470 1951 2550 1999 in·

1485 2034 1690 2083 civilem
1713 2032 1879 2097 patris
1913 2039 2069 2097 atque
2092 2044 2334 2094 asperum
2356 2027 2551 2093 princi-

1483 2118 1683 2176 patum,
1699 2109 2007 2161 interfectus
2025 2116 2103 2159 est
2118 2124 2233 2160 cum
2259 2117 2430 2172 patre,
2444 2122 2551 2159 non

1484 2203 1578 2237 suo
1622 2188 1860 2247 nomine3
1908 2188 2147 2252 quamvis
2188 2187 2346 2236 etiam
2390 2186 2551 2236 istum

1486 2265 1623 2312 ultra
1664 2267 1871 2311 aetatem
1916 2261 2127 2310 saevisse
2173 2262 2227 2310 in
2267 2263 2550 2323 plerosque

1485 2339 1767 2403 reperiam,
1797 2344 1857 2386 ut
1900 2337 2093 2386 docent
2134 2336 2300 2387 literar
2340 2336 2406 2385 ab
2444 2335 2548 2386 hoe

1487 2418 1670 2467 eodem
1711 2416 1781 2465 ad
1810 2421 2013 2479 patrem
2047 2412 2254 2463 missas?
2318 2412 2453 2462 Vide
2492 2420 2550 2464 et

1489 2491 1862 2555 Capitolinum,
1897 2491 1984 2556 qui
2030 2492 2269 2556 exempla
2310 2488 2547 2555 quaedam

1485 2569 1714 2620 Macrini
1740 2568 2067 2618 crudelitatis
2092 2570 2477 2618 commemorat.

1551 2653 1574 2679 ⁸
1609 2646 1779 2695 Ferme
1810 2651 2012 2710 quatuor
2041 2660 2097 2695 ae
2116 2643 2297 2709 decem]
2333 2646 2544 2695 Desunt

1486 2724 1599 2774 dies
1625 2729 1821 2772 tantum
1847 2730 1973 2773 tres.

1553 2796 1573 2833 f
1599 2797 1851 2860 Interseeti
1868 2796 2005 2862 sunt]
2044 2798 2109 2848 In
2132 2796 2485 2863 Cappadocia.

1149 3171 1359 3237 GAP.
1420 3172 1732 3241 XXIII.

606 3310 684 3357 M.
732 3308 1123 3358 Acamans
1173 3308 1624 3358 AN‘roNrNth
1672 3306 2290 3364 HELIOGABALUS.

346 3426 350 3430 ⁴
433 3454 499 3517 1.
561 3415 1071 3528 Acmvr'usqun.
1138 3449 1418 3515 Marcus
1476 3449 1902 3516 Antoninus⁸
1968 3452 2302 3518 Bassiano
2362 3452 2548 3535 geni·

342 3553 508 3632 tuS,¹’
537 3555 651 3637 qui
680 3561 873 3639 patre
916 3552 1224 3629 mort'uo,c
1254 3553 1322 3616 in
1352 3551 1538 3616 Solis
1568 3553 2037 3634 sacerdotium,
2065 3574 2262 3639 quem
2305 3554 2545 3620 Helio-

1318 3718 1534 3770 NOTAE

344 3807 348 3816 ”
421 3826 446 3853 ⁸
483 3817 684 3866 Murcus
724 3811 1023 3877 Antoninus]
1086 3813 1154 3864 A.
1187 3815 1256 3865 U.
1288 3819 1406 3865 970.

344 3901 470 3968 post
493 3894 555 3943 C.
577 3896 693 3947 218,

410 3969 435 4004 ὓ
468 3967 708 4018 Bouiano
720 3966 940 4029 genitus]
967 3967 1054 4016 Sic
1070 3966 1277 4031 quidem
1300 3968 1408 4018 vul-

346 4060 416 4112 go
432 4044 748 4095 credebatur
767 4059 781 4091 ε
818 4044 936 4091 vide
952 4045 1172 4093 Dionem
1190 4052 1244 4094 et
1258 4044 1409 4094 Lam·

347 4120 593 4186 pridium.
658 4120 835 4186 Mater
881 4117 983 4168 fuit
1020 4119 1220 4170 Seiimis
1260 4135 1409 4171 soror

346 4198 508 4251 Juliae
532 4196 705 4244 matris
731 4195 1005 4246 Caracalli.

415 4280 438 4306 ⁶
472 4273 624 4321 Patre
642 4270 850 4335 mortuo]
871 4271 1132 4338 Lamprid.
1149 4273 1167 4300 ⁴
1182 4272 1287 4324 Hic
1304 4272 1407 4324 fer·

1488 3823 1594 3872 tur,
1636 3816 1813 3867 occiso
1847 3816 2075 3867 Macrini
2108 3814 2339 3866 factione
2373 3822 2548 3880 patre,

1486 3899 1547 3940 nt
1580 3890 1874 3953 dicebatur,
1910 3891 2173 3942 Antonino
2207 3894 2258 3941 in
2295 3894 2545 3955 templum

1486 3968 1589 4017 Dei
1622 3968 1949 4031 Heliogabali
1986 3967 2281 4031 confugisse
2310 3969 2455 4016 velut
2489 3968 2546 4017 in

1486 4045 1702 4107 asylum,
1744 4058 1812 4093 ne
1857 4042 2243 4092 interficeretur
2277 4056 2310 4091 a
2353 4043 2546 4091 Macri-

1489 4133 1577 4175 no,
1601 4119 1992 4192 quifsaevissime
2014 4133 2129 4168 cum
2153 4118 2260 4168 filio
2284 4119 2545 4170 luxurioso

1488 4203 1547 4247 et
1568 4195 1767 4248 crudeli
1789 4195 2027 4247 exercuit
2048 4194 2360 4260 imperium.'
