3023 4942
957 411 1060 459 na
1109 406 1551 459 cAESAmaus
1598 407 1764 455 cAP.
1794 378 1990 453 'xm
2448 383 2568 448 281

1228 655 1440 723 CAP.
1499 653 1732 721 XIX.

1116 809 1384 858 motus
1431 807 1845 858 munimus.

446 955 510 1019 1.
533 954 646 1031 A'r
679 954 931 1020 Didius
962 954 1285 1019 Salvius⁸
1314 953 1660 1024 Julianus,
1677 951 1888 1019 fretus
1920 946 2374 1033 praetorianiS,
2396 961 2582 1028 quos

353 1060 422 1125 in
457 1061 850 1123 societatem
878 1059 1234 1141 promissis
1259 1055 1945 1138 magnificentioribus
1968 1051 1993 1089 ¹³
2038 1051 2448 1136 perpulerat,
2487 1064 2581 1110 ex

355 1160 757 1243 praefectura
794 1160 1074 1242 vigilum
1097 1167 1122 1195 ⁰
1165 1160 1253 1224 ad
1297 1159 1592 1240 insignia
1645 1158 2029 1222 dominatus
2076 1151 2427 1239 processit.
2515 1151 2580 1212 2.

360 1260 601 1325 Genus
655 1264 718 1327 ei
771 1258 1178 1346 pernobile,d
1212 1262 1527 1347 jurisque
1580 1261 1825 1324 urbani
1880 1265 2212 1342 praestans
2260 1253 2580 1322 scientia;

357 1363 617 1446 quippe
666 1364 783 1446 qui
840 1363 1096 1446 primus
1145 1364 1496 1439 edictum,e
1538 1361 1724 1444 quod
1784 1362 1969 1425 varie
2026 1353 2506 1438 inconditequ'e
2538 1372 2583 1417 a

355 1466 769 1546 praetoribus
794 1462 816 1500 f
842 1469 1295 1549 premebatur,
1326 1467 1395 1529 in
1420 1465 1720 1529 ordinem
1741 1462 2225 1546 composuerit.
2251 1459 2335 1522 3.
2362 1457 2432 1520 H
2439 1457 2581 1519 inc-

1297 1614 1326 1633 O
1332 1612 1478 1633 ‘0000
1483 1608 1627 1633 “O“
1634 1609 1660 1628 O

426 1712 560 1761 Car».
586 1725 707 1761 xtx.
743 1716 769 1761 1
792 1713 863 1762 At
888 1714 1072 1763 Didius
1090 1714 1184 1780 (an
1211 1715 1406 1763 Salvius
1419 1713 1465 1776 ?)
1499 1713 1730 1763 Julianus
1751 1703 2375 1767 Schott.Gaesb.Delpb.
2398 1694 2585 1750 Pitise.

358 1779 462 1823 —2
483 1776 816 1840 “Quiprimus
838 1779 1062 1827 edictum.
1129 1780 1288 1828 Varie
1322 1780 1532 1844 quidem
1572 1781 1763 1835 locum,
1802 1776 2013 1825 veritati
2045 1771 2308 1821 historicae
2337 1768 2581 1816 adversa-

254 1854 257 1859 ·
359 1841 519 1900 rium,
557 1842 653 1891 viri
686 1842 827 1891 docti
865 1845 1145 1892 emendare
1176 1845 1525 1895 studuerunt:
1574 1851 1630 1892 at
1668 1843 1854 1891 melius
1889 1850 1992 1904 est,
2030 1854 2145 1887 cum
2174 1835 2482 1884 Casaubono
2518 1830 2582 1877 ad

361 1905 631 1967 Spartiani
655 1906 854 1956 Julian.
877 1924 998 1970 cap.
1023 1913 1068 1956 1.
1092 1909 1208 1970 (ubi
1235 1911 1322 1958 ille
1348 1920 1568 1958 stemma
1590 1915 1755 1957 totuin
1783 1902 2110 1965 dest-ripam)
2129 1899 2429 1951 Arutzenio‚
2447 1897 2585 1945 Gru-

358 1983 506 2027 πετο,
529 1971 768 2035 aliisque,
789 1971 1064 2022 Aurelium
1087 1975 1358 2024 Victorem
1382 1987 1607 2037 arguere
1629 1970 1853 2023 erroris.’
1878 1970 2027 2020 Harl.
2061 1968 2195 2016 Vide
2216 1965 2368 2015 Nott.
2390 1964 2513 2012 Var·
2530 1969 2587 2008 et

1369 2116 1587 2168 NOTAE

362 2208 368 2213 ’
431 2216 458 2243 ²
480 2210 547 2259 At
567 2211 750 2262 Didius
774 2210 968 2263 Salvius
987 2214 1194 2278 [Didius
1207 2220 1295 2280 (an
1322 2217 1434 2266 Sal·
1516 2213 1819 2278 imperatori
1859 2211 2064 2276 tribuit,
2094 2207 2232 2274 quod
2268 2204 2400 2256 fecit
2434 2219 2587 2267 proa-

360 2286 554 2351 οἰκιῶ]
614 2289 834 2339 Dubitat
900 2291 1165 2343 Julianum
1219 2293 1434 2342 Didium
1488 2306 1610 2340 fvus
1635 2291 1744 2354 ejus
1788 2297 2055 2338 maternus
2090 2287 2289 2334 Salvius
2325 2283 2589 2341 Julianus,

366 2377 437 2411 an
455 2362 686 2413 Salvium
713 2374 868 2415 vocet
889 2383 904 2427 ;
929 2383 1044 2416 cum
1071 2385 1100 2416 a
1126 2384 1321 2431 proavo
1346 2384 1437 2432 pa·
1517 2369 1658 2417 Divo
1684 2367 1957 2416 Hadriano
1981 2367 2291 2427 imperante.
2364 2361 2586 2421 Eutrop-

365 2446 526 2488 terno
571 2439 733 2490 Didio
772 2442 986 2501 Severo,
1010 2443 1212 2504 Didius,
1259 2461 1290 2500 a
1331 2459 1434 2494 ma·
1517 2445 1532 2473 ‘
1559 2443 1691 2493 Post
1712 2457 1829 2491 eum
1849 2442 2054 2491 Salvius
2071 2439 2308 2491 Julianus
2324 2451 2488 2497 remp.
2512 2437 2589 2483 in-

364 2524 524 2564 terno
564 2515 746 2566 Salvio
779 2519 1008 2577 Juliano,
1063 2522 1278 2578 Salvius,
1320 2536 1439 2585 pos·
1523 2520 1696 2580 vasit3
1734 2520 1810 2568 vir
1846 2518 2053 2573 nobilis,
2077 2526 2128 2564 et
2157 2515 2293 2578 juris
2337 2509 2591 2575 peritissi-

367 2591 444 2639 sit
488 2593 874 2654 cognominari:
919 2607 1104 2647 censet
1149 2607 1322 2648 tamen
1363 2599 1442 2648 vir
1524 2610 1675 2655 uiris3
1709 2609 1871 2656 nepos
1910 2592 2071 2642 Salvii
2112 2589 2329 2644 Juliani,
2369 2587 2453 2666 qui
2490 2587 2589 2634 sub

367 2669 645 2731 maximus,
679 2677 736 2720 et
772 2674 908 2721 omni
941 2676 1172 2736 politiori
1205 2677 1444 2726 doctrina

365 2745 810 2795 cumulatissimas
843 2748 1011 2811 AEgid.
1043 2752 1321 2815 Menagius
1359 2753 1442 2801 hie

366 2821 532 2869 ‘verba
557 2822 671 2878 ista,
696 2838 760 2871 an
784 2823 993 2886 Salvius,
1019 2826 1267 2875 addititia
1289 2843 1406 2877 esse
1422 2844 1438 2877 z

368 2898 459 2946 adi
484 2899 623 2947 illum
646 2899 700 2947 in
724 2901 1259 2966 amoeuitatibusjuris
1277 2904 1443 2953 civilis

334 3005 339 3006 ν
373 2988 428 3035 p.
455 2977 568 3021 136.
732 2974 738 2980 ’

437 3048 463 3082 b
487 3049 1278 3130 Promissislguagnificentioribus]
1305 3054 1442 3103 Nam

372 3127 561 3174 vicena
587 3128 742 3188 quina
760 3128 922 3176 millia
947 3130 1274 3191 promiserat.
1321 3132 1446 3195 Dio,

374 3210 432 3251 et
454 3193 729 3263 Spartian?
827 3196 832 3201 ’

417 3279 463 3311 '0
487 3278 570 3325 Ex
592 3277 879 3340 prefectum
903 3279 1125 3345 vigilum]
1152 3278 1446 3331 Praefectus

376 3354 591 3413 vigilum
616 3354 788 3402 dictus
823 3355 911 3418 qui
942 3365 1168 3417 praeerat
1195 3362 1243 3406 7.
1266 3359 1444 3407 cohor·

377 3429 519 3478 tibus
560 3422 798 3491 vigilum.
835 3447 962 3495 quas
1004 3433 1271 3493 Augustus
1303 3450 1448 3485 crea-

212 3548 219 3553 .
305 3563 309 3567 ,
376 3514 530 3555 verat
565 3507 818 3556 adversus
859 3508 1105 3559 incendia
1146 3520 1200 3560 et
1237 3521 1448 3561 noctur-

379 3594 476 3630 nos
510 3580 671 3629 fures.

445 3656 470 3690 ‘¹
509 3658 674 3705 Genus
694 3657 741 3705 ei
771 3658 1032 3721 pernobile]
1065 3661 1371 3721 Spartianus
1395 3664 1448 3713 in

377 3735 474 3783 hac
499 3734 635 3793 vita:
663 3734 678 3760 ‘
698 3735 929 3782 Proavus
946 3734 1043 3784 fuit
1064 3737 1265 3788 Salvius
1282 3740 1449 3791 Julia-

379 3825 497 3864 nus,
538 3807 627 3874 bis·
658 3811 850 3863 consul,
898 3809 1183 3874 praefectus
1219 3814 1363 3874 Urbi,
1393 3826 1449 3864 et

371 3884 792 3947 iurisconsultus,
815 3885 950 3947 quod
976 3889 1138 3948 magis
1160 3904 1277 3937 eum
1303 3892 1449 3939 uobi-

376 3962 486 4010 lem
518 3959 699 4008 fecit:’
735 3960 852 4009 vide
896 3961 965 4011 ibi
1007 3963 1214 4014 doctiss.
1255 3967 1449 4016 Casan-

379 4037 594 4097 bonum,
629 4035 715 4101 qui
754 4044 921 4085 totum
959 4045 1178 4088 stemma
1215 4040 1448 4107 descrip-

381 4115 467 4163 sit.

448 4198 472 4224 θ
507 4191 695 4253 Quippe
723 4191 805 4254 qai
833 4191 1017 4253 primus
1044 4194 1275 4257 edictum]
1317 4196 1448 4244 Tur-

376 4266 523 4330 piter
561 4266 645 4322 bic
681 4275 824 4319 errat
863 4269 1062 4325 Victor,
1108 4272 1193 4335 qui
1237 4272 1449 4323 Juliauo

1525 2674 1665 2722 Divo
1686 2672 1954 2722 Hadriano
1975 2678 2282 2734 perpetuum
2299 2665 2593 2728 composuit

1526 2743 1796 2797 edictum.'
1831 2746 2095 2798 censebat
2120 2745 2257 2793 idem
2283 2741 2455 2805 AEgid.
2475 2741 2589 2789 Me-

1526 2826 1710 2888 uagius
1734 2826 1849 2873 haec
1886 2824 2066 2885 verba,
2088 2821 2259 2885 quippe
2293 2819 2377 2883 qui
2407 2820 2592 2879 primus

1525 2902 1751 2961 edictum,
1785 2904 1869 2963 ᾅτ.
1907 2916 2019 2949 esse
2044 2901 2592 2960 interpretamentum,

1528 2978 1665 3043 quod
1708 2979 1772 3026 ad
1812 2976 1870 3026 τὸ
1902 2979 1917 3003 ⁸
1934 2977 2071 3040 juris
2108 2974 2289 3023 urbani
2333 2981 2591 3035 praestans

1528 3053 1783 3111 scientia,'
1806 3054 1995 3103 sciolus
2021 3051 2228 3116 quidam
2246 3048 2594 3102 annotaverit.

1526 3131 1719 3179 Verum
1742 3130 1861 3178 huic
1884 3128 2157 3177 sententiae
2176 3130 2433 3186 repugnat
2456 3122 2593 3185 quod

1526 3210 1807 3273 sequitur,‘
1828 3208 2069 3270 Hincque
2088 3205 2211 3253 satis
2228 3200 2597 3265 compertum,’

1526 3288 1626 3332 διο.
1663 3286 1785 3333 item
1821 3285 1837 3311 ‘
1862 3299 1976 3332 cuin
2013 3287 2311 3345 praeceptor
2346 3285 2401 3326 et
2438 3291 2596 3339 asper

1527 3361 1753 3423 quidem,
1795 3360 1988 3409 rectius
2029 3355 2297 3416 vivendi3’
2334 3354 2467 3418 quod
2503 3368 2594 3402 ue-

1529 3437 1755 3483 cessario
1778 3436 1844 3483 ad
1885 3435 2155 3497 superiora
2185 3433 2343 3480 habet
2366 3431 2592 3492 anapho-

1530 3526 1637 3559 ram
1660 3528 1674 3560 :
1710 3511 2011 3575 magistrum
2034 3511 2171 3558 enim
2197 3506 2393 3557 rectius
2417 3506 2593 3554 viven-

1532 3589 1583 3635 di
1611 3596 1760 3638 vocat
1774 3588 2059 3651 sulianum,
2078 3584 2215 3650 quod
2232 3584 2459 3632 edictum
2475 3597 2595 3645 per-

1532 3672 1767 3729 petuum,
1792 3672 1850 3713 nt
1881 3665 1996 3728 ipse
2031 3662 2365 3727 opinabatur,
2386 3672 2597 3722 compo-

1528 3742 1709 3790 suerit.

1596 3814 1615 3849 f
1645 3818 1885 3873 Edictum,
1909 3817 2032 3879 quod
2062 3814 2197 3863 varie
2215 3812 2542 3875 inconditeque
2564 3828 2596 3858 a

1528 3894 1693 3956 μανι]
1729 3893 1996 3941 Praetores
2021 3891 2141 3939 olim
2172 3875 2368 3943 edicta,
2388 3889 2487 3935 hoc
2512 3896 2595 3935 est

1532 3971 1675 4031 leges
1734 3985 1953 4029 annuas,
2003 3965 2337 4027 scribebant3
2390 3970 2447 4033 et
2488 3977 2593 4023 quo

1531 4047 1709 4095 edicto
1751 4044 2035 4109 superioris
2074 4043 2196 4091 anni
2242 4047 2437 4104 praetor
2473 4053 2593 4085 usus

1533 4121 1723 4183 fuerat,
1767 4138 1832 4170 eo
1890 4122 2170 4184 insequens
2226 4123 2424 4180 praetor
2479 4113 2593 4163 fere

1533 4215 1636 4248 non
1678 4200 1940 4249 utebatur.
2006 4199 2185 4248 Quare
2229 4194 2371 4242 varie
2415 4192 2595 4240 incon-

1532 4277 1749 4341 diteque
1792 4290 1824 4324 a
1864 4272 2178 4338 praetoribus
2222 4268 2595 4334 premebatur:
