3023 4942
481 399 616 465 390

483 558 617 622 lem
647 556 896 622 Galliae
948 557 1300 636 coloniam,
1350 558 1678 641 suscepit,
1733 558 1992 624 habens
2041 557 2464 639 diligentiam
2505 558 2575 623 in
2615 578 2687 623 re

484 658 780 736 militari,
812 660 882 722 iu
922 658 1242 725 civilibus
1284 659 1659 736 lenitatem,
1688 660 1760 723 in
1809 660 2253 725 sublevandis
2290 661 2686 725 civitatibus

484 761 933 844 largitionem.
1018 762 1083 824 4.
1130 759 1433 844 Cumque
1458 760 1592 826 duo
1624 761 1786 837 sint,
1815 780 1971 845 quae
2003 763 2091 826 ab
2134 761 2417 845 egregiis
2449 763 2687 845 princi-

485 863 690 956 pibus
717 870 1176 946 expectentur,
1205 864 1540 928 sanctitas
1570 863 1775 938 dorni,
1808 864 1878 927 in
1910 863 2113 928 armis
2140 864 2490 940 fortitudo,
2509 869 2691 929 utro·

483 965 693 1049 bique
722 955 1077 1050 prudentia
1097 986 1118 1029 z
1161 972 1391 1032 tantus
1433 966 1672 1032 eratin
1701 986 1786 1031 eo
1830 967 2277 1031 maximarum
2307 985 2521 1030 rerum
2550 986 2692 1030 mo·

487 1067 640 1142 dus,
674 1074 749 1132 ut
779 1068 980 1150 quasi
1024 1073 1539 1152 temperamento
1586 1070 1887 1152 quodam
1938 1070 2296 1134 miscuisse
2339 1066 2714 1154 videretur..

487 1170 620 1233 nisi
652 1170 834 1252 quod
866 1171 1022 1235 cibo
1055 1173 1341 1254 vinoque
1362 1179 1387 1207 ⁸
1416 1172 1769 1255 paululum
1808 1169 2080 1235 deditus
2124 1175 2292 1235 erat.
2378 1173 2444 1233 5.
2490 1168 2692 1232 Libe-

486 1272 650 1335 ralis
683 1272 750 1335 in
779 1268 1086 1349 amicoS,f
1109 1280 1178 1336 et
1223 1279 1546 1356 tanquam
1578 1272 1735 1337 vitae
1766 1271 2151 1338 conditione
2183 1291 2324 1355 par,
2362 1270 2691 1334 societati-

488 1373 619 1436 bus
648 1373 949 1456 perfrui.⁸
990 1375 1054 1439 6.
1090 1372 1231 1438 Hic
1261 1375 1349 1438 ob
1372 1374 1685 1438 honorem
1706 1369 1925 1451 Surae',
1958 1373 2148 1457 cujus
2172 1373 2398 1438 studio
2421 1372 2696 1453 imperi·

487 1493 604 1540 um
627 1475 1020 1558 arripuerat,
1041 1473 1349 1542 lavacrah
1383 1475 1706 1542 condidit.
1736 1480 1800 1542 7.
1833 1476 1930 1540 De
1953 1496 2092 1560 quo
2112 1491 2693 1559 supervacaneum

486 1575 756 1640 videtur
785 1586 1029 1642 cuncta
1055 1578 1225 1642 velle
1253 1579 1662 1643 nominatim.
1698 1598 2027 1662 promere,
2074 1599 2222 1642 cum
2255 1577 2426 1641 satis
2457 1577 2551 1639 sit
2576 1594 2696 1637 ex-

488 1678 743 1742 cultum
796 1685 1001 1763 atque
1048 1679 1465 1745 emendatum
1522 1681 1804 1746 dixisse.
1889 1679 1957 1744 8.
2003 1681 2166 1746 Fuit
2211 1681 2383 1744 enim
2432 1677 2696 1762 patiens

487 1777 766 1859 laboriS,
822 1781 1171 1845 studiosus
1229 1782 1474 1865 optimi
1527 1782 1879 1867 cujusque,
1934 1803 2016 1848 ac
2067 1783 2421 1848 bellicosi:
2482 1779 2697 1861 magis

489 1882 905 1966 simpliciora
934 1883 1205 1965 ingenia
1233 1889 1349 1948 aut
1391 1884 1910 1964 eruditissimoS,
1941 1885 2256 1969 quamvis
2286 1884 2438 1966 ipse
2468 1900 2696 1966 parcae

486 1990 667 2049 esset
713 1984 1042 2063 scientiae,
1081 1984 1570 2068 moderateque
1616 1986 1959 2070 eloquens,
1998 1985 2339 2068 diligebat.
2427 1984 2494 2049 9.
2535 1982 2581 2047 J
2591 2003 2695 2046 us-

487 2087 658 2150 titiae
687 2106 870 2162 vero,
918 2106 999 2151 ac
1048 2085 1222 2170 juris
1269 2086 1545 2150 humani
1590 2085 1934 2170 divinique
1979 2093 2117 2151 tam
2170 2091 2468 2169 repertor
2515 2086 2697 2162 novi,

490 2208 695 2273 quam
724 2189 1083 2254 inveterati
1116 2197 1372 2255 custoS.
1460 2188 1569 2253 10.
1619 2187 1795 2266 Quae
1828 2189 2057 2253 omnia
2100 2208 2181 2252 eo
2222 2190 2488 2272 majora
2518 2188 2697 2251 vise-

483 2290 746 2367 bantur,
780 2311 919 2373 quo
960 2311 1083 2374 per
1120 2292 1372 2359 multos
1403 2299 1611 2375 atque
1641 2298 1909 2355 atroces
1956 2296 2273 2375 tyrannos
2304 2288 2567 2373 perdito
2598 2296 2694 2353 at-

489 2410 624 2477 que
653 2398 999 2476 prostrato
1043 2401 1231 2458 statu
1265 2394 1610 2473 Romano,
1640 2393 1714 2457 in
1734 2387 2134 2459 remediumi
2179 2399 2521 2456 tantorum
2552 2411 2698 2455 ma-

483 2494 703 2559 lorum
734 2495 1057 2559 divinitus
1088 2495 1479 2561 credebatur
1517 2505 1897 2582 opportune
1941 2495 2186 2576 datus;
2234 2514 2448 2579 usque
2477 2514 2587 2571 eo,
2631 2501 2699 2558 ut

1076 412 1310 464 sssxrl
1359 411 1687 462 Annum!
1740 413 2091 463 VICTORIS

1408 2641 1780 2662 &eoo-meo

489 2723 595 2772 rint
622 2724 775 2773 Leid.
795 2731 1135 2790 uterque.-4
1159 2726 1278 2775 Nisi
1331 2728 1410 2777 uia
1432 2727 1539 2777 cibo
1562 2726 1685 2776 Ald.
1726 2728 1933 2777 Schott.
1957 2727 2149 2776 Gaesb.
2184 2725 2381 2789 Delph.
2419 2725 2607 2776 Pitisc.
2645 2732 2699 2773 et

488 2795 631 2838 teste
660 2787 845 2838 Arntz.
869 2805 1046 2840 omnes
1071 2793 1188 2841 aliae
1212 2793 1277 2840 ed
1320 2825 1334 2840 .
1357 2800 1543 2842 contra
1563 2792 1799 2842 Mss.-—6
1833 2793 2010 2842 Studio
2039 2793 2172 2854 enjus
2192 2799 2250 2840 et
2270 2805 2389 2840 mox
2424 2790 2699 2852 amp-erat

486 2849 708 2904 Aid.—·⁷
730 2859 746 2882 ⁴
767 2856 999 2905 Promere
1023 2871 1139 2906 cum
1162 2858 1381 2909 Schotto
1405 2858 1610 2919 recepit
1634 2866 1690 2907 et
1721 2858 2007 2907 illustravit
2030 2858 2259 2907 Gruner.
2314 2857 2470 2919 vulgo
2483 2856 2700 2919 prodere,

489 2919 627 2981 quod
655 2930 874 2982 propter
910 2920 1140 2970 additum
1167 2922 1469 2971 adverbium
1505 2921 1788 2972 nominatim
1827 2923 2061 2985 praetulit
2099 2920 2348 2971 Arntzen.
2387 2935 2486 2968 nec
2524 2926 2699 2967 tamen

492 2985 715 3033 alterum
748 2984 1007 3034 damnat!
1043 2987 1196 3036 Harl.
1271 2988 1490 3036 Prodere
1522 2988 1724 3037 Scbott.
1760 2987 1955 3038 Gaesb.
1992 2987 2186 3050 Delph.
2218 2987 2410 3035 Pitisc.
2447 2983 2701 3033 Arna.—

495 3052 528 3096 8
561 3056 576 3078 ‘
597 3049 734 3098 Edd.
756 3050 840 3113 [ut
865 3050 1007 3113 Ald.]
1051 3052 1297 3115 magisque
1317 3050 1613 3115 simpliciora
1642 3052 1942 3112 habebant;
1976 3053 2067 3100 sed
2107 3050 2422 3114 particulam
2445 3049 2704 3112 adjectam

497 3115 646 3164 uncis
669 3114 953 3165 incluserat
984 3116 1233 3165 Schottus
1267 3117 1409 3178 [cum
1434 3116 1636 3166 Gaesb.
1676 3117 1867 3181 Deiph.
1893 3115 2103 3180 Pitisc.]
2138 3126 2194 3166 et
2232 3130 2323 3165 nos
2362 3131 2429 3164 ex
2464 3112 2696 3162 omnibns

497 3179 631 3226 Mes.
670 3179 992 3228 delevimus.'
1023 3181 1330 3231 Arnim—10
1368 3183 1475 3237 Quo
1505 3197 1573 3231 ex
1610 3183 1765 3231 Leid.
1802 3190 2022 3248 utroque
2060 3183 2296 3244 reposuit
2333 3180 2561 3230 Gruner.
2614 3193 2700 3241 quo

490 3241 669 3308 [niam]
693 3245 888 3295 Schott.
909 3244 1105 3295 Gaesb.
1127 3245 1320 3311 Delpb.
1343 3246 1530 3296 Pitisc.
1585 3249 1807 3311 quoniam
1830 3247 1955 3298 Ald.
1979 3247 2164 3297 Arntz.
2232 3246 2361 3294 Mox
2399 3247 2576 3294 electus
2609 3258 2700 3306 pro

1487 3360 1709 3412 NOTAE

554 3464 577 3489 θ
619 3455 855 3520 Vimque]
891 3457 1065 3520 Supra
1087 3457 1140 3508 in
1165 3457 1480 3509 Caesaribus.

567 3531 587 3565 f
606 3532 851 3583 Liberali·
870 3533 925 3582 in
945 3533 1146 3597 anticos]
1184 3534 1407 3599 Eutrop.
1429 3539 1445 3564 ‘
1472 3535 1557 3586 Li-

490 3608 679 3659 beralis
723 3608 777 3659 iu
820 3617 1070 3659 cunctos:
1133 3610 1341 3673 publice
1384 3612 1557 3675 priva·

490 3684 690 3746 tirnque
731 3682 903 3733 ditans
945 3696 1144 3741 omnes,
1186 3692 1241 3732 et
1277 3685 1559 3735 honoribus

491 3773 689 3821 augens
724 3773 853 3824 quos
889 3758 971 3807 vel
1009 3757 1261 3811 mediocri
1291 3759 1561 3819 familiari·

492 3841 603 3885 tate
626 3836 995 3898 cognovisset?

556 3919 584 3956 8
615 3911 930 3962 Societatibss
947 3911 1160 3975 perfrui]
1195 3911 1263 3963 Id
1285 3923 1390 3975 est,
1406 3912 1424 3942 ‘
1441 3927 1561 3976 per·

492 3986 797 4038 fruebatur.’
864 3988 949 4037 Sic
989 4002 1091 4037 uon
1129 3989 1291 4038 semel
1320 3989 1559 4039 indefini-

495 4072 577 4114 tos
620 4079 712 4128 pro
756 4062 1085 4127 imperfectis
1130 4066 1381 4127 reperias.
1469 4068 1557 4116 De

490 4141 590 4193 hac
625 4140 839 4204 Trajani
867 4140 1126 4191 civilitate
1160 4141 1382 4206 Eutrop.
1415 4142 1557 4193 ‘Ro-

494 4231 617 4276 ω,
644 4224 698 4266 et
739 4230 834 4279 per
868 4216 1164 4276 provincias
1208 4219 1460 4282 equalem
1498 4235 1555 4269 se

493 4291 732 4345 omnibus
754 4291 1038 4352 exbibens3
1073 4293 1266 4344 amicos
1294 4295 1555 4351 salutandi

1640 3474 1799 3509 causa
1843 3456 2207 3522 frequentans,
2240 3455 2325 3504 vel
2359 3461 2698 3516 egrotantes,

1641 3537 1725 3585 vel
1747 3549 1863 3584 cum
1885 3534 2051 3586 festos
2074 3534 2187 3582 dies
2208 3531 2507 3581 habuissent
2528 3546 2545 3591 ς
2579 3544 2702 3579 con·

1641 3611 1784 3660 vivia
1808 3624 1925 3660 cum
1950 3609 2132 3660 iisdem
2157 3608 2443 3658 indiscreta
2475 3606 2700 3656 vicissim

1639 3686 1865 3743 habeusz
1903 3701 2043 3750 soepe
2064 3687 2118 3736 iu
2142 3685 2389 3736 vehiculis
2417 3699 2598 3734 eorum
2623 3698 2698 3732 se·

1640 3761 1811 3812 dens.’

1702 3835 1729 3870 ¹²
1760 3837 2001 3901 Lavacru]
2034 3837 2098 3887 In
2135 3837 2443 3888 Coesaribus.

1700 3911 1715 3946 ¹
1749 3914 1813 3963 In
1848 3915 2134 3978 remedium]
2167 3915 2340 3963 ‘Nam
2361 3913 2459 3963 sub
2476 3913 2698 3976 'rr-ajano

1638 3990 1898 4055 principe,
1921 3998 2097 4040 movet
2131 3992 2374 4044 lacertos,
2414 3995 2469 4038 et
2511 3997 2699 4053 praeter

1636 4081 1785 4131 spem
1801 4069 2050 4126 omnium,
2071 4073 2321 4115 senectus
2340 4065 2566 4128 imperii,
2581 4079 2696 4127 qua-

1637 4144 1680 4193 si
1700 4144 1907 4195 reddita
1916 4144 2223 4209 juventute,
2238 4140 2552 4193 revirescit?
2585 4142 2696 4191 Flo-

1637 4234 1739 4270 rus.
