3023 4942
478 363 607 429 160

476 521 800 606 singulari
859 522 1095 605 praelio
1139 519 1370 588 fudit.b
1451 522 1520 588 2.
1564 522 1837 607 [Spolia
1883 522 2115 607 opima
2142 521 2191 589 J
2194 524 2304 589 ovi
2337 523 2639 591 Feretrio
2661 533 2685 563 ⁸

475 628 708 692 tertius
740 646 784 692 a
805 624 1101 691 Romulo
1132 627 1576 691 consecravit.
1659 626 1724 691 3.
1758 625 2028 690 Primus
2055 625 2308 704 docuit,
2342 628 2686 710 quomodo

475 730 724 793 milites
777 723 1146 803 cederent,‘¹
1192 747 1320 792 nec
1361 734 1546 809 terga
1596 728 1998 810 praeberent.
2083 728 2152 792 4.
2196 728 2686 809 Hannibalem]

477 831 665 914 apud
723 830 1030 906 Nolam,⁸
1083 830 1383 895 locorum
1440 830 1756 911 angustia
1829 829 2127 914 adjutus,
2186 833 2369 896 vinci
2424 832 2684 900 docuit.

473 933 539 997 5.
584 933 962 1016 Syracusas
1004 952 1125 1015 per
1151 938 1286 996 tres
1318 950 1531 995 annos
1554 927 1573 965 ¹*
1597 931 2036 1014 expugnavit.
2120 933 2192 997 6.
2230 932 2321 996 Et
2359 953 2513 997 cum
2565 954 2686 1017 per

475 1034 880 1099 calumniam
923 1033 1306 1116 triumphus
1346 1033 1457 1098 ei⁸
1502 1051 1546 1096 a
1582 1040 1819 1098 senatu
1864 1041 2233 1115 negaretur,
2264 1035 2348 1098 de
2379 1055 2506 1100 sua
2537 1056 2686 1100 sen-

473 1132 685 1196 tentia
711 1134 784 1196 in
812 1128 1131 1195 Albano¹¹
1171 1136 1396 1195 monte
1440 1131 1901 1214 triumphavit.
1989 1133 2054 1197 7.
2098 1131 2485 1216 Quinquies
2530 1153 2686 1198 con-

421 1305 429 1326 ·
473 1230 623 1311 sul,i
673 1233 939 1298 insidiis
993 1232 1401 1297 Hannibalis
1449 1232 1775 1315 deceptus
1822 1234 2161 1311 occubuit,
2209 1241 2281 1298 et
2326 1235 2688 1320 magnifice

474 1337 814 1419 sepultus.
901 1334 963 1398 8.
1011 1333 1197 1398 Ossa
1227 1332 1521 1399 Romam
1566 1335 1851 1399 remissa
1893 1355 1936 1401 a
1983 1332 2466 1420 praedonibusk
2492 1339 2686 1404 inter·-

403 1497 408 1506 ,
472 1447 677 1521 cepta
703 1436 1070 1521 perierunt.

1072 371 1304 428 sssx'rt
1352 375 1566 428 Anas.
1579 379 1679 426 Ml
1730 377 2086 429 vloroms

1400 1532 1462 1553 ‘O
1468 1535 1489 1556 U
1493 1534 1768 1555 OOOWOO

470 1651 682 1702 buscum
707 1648 970 1698 consentit
990 1648 1174 1697 Florus
1199 1662 1264 1697 ιι.
1283 1651 1381 1713 4.§
1404 1654 1454 1699 5.
1478 1655 1535 1697 et
1558 1648 1765 1698 Servius
1788 1649 1852 1699 ad
1883 1650 2031 1714 virg.
2053 1649 2173 1700 AEn.
2196 1663 2320 1701 vm.
2344 1665 2423 1701 vs.
2439 1654 2556 1700 856.
2604 1652 2687 1702 Ex

471 1715 812 1766 similitudine
849 1715 993 1763 vocis
1025 1720 1178 1762 natus
1214 1728 1363 1762 error
1399 1715 1449 1762 in
1474 1714 1630 1762 Fran.
1664 1722 1719 1764 et
1744 1715 1895 1764 Leid.
1916 1720 1968 1765 2.
2037 1716 2301 1765 Marcellus
2329 1715 2414 1764 Vir
2442 1716 2686 1767 Romam

478 1781 609 1830 Gall.
647 1780 823 1829 Haun.
848 1777 931 1841 [et
962 1779 1065 1827 Ed.
1085 1777 1191 1841 pn]
1225 1779 1386 1827 Marc.
1418 1778 1509 1827 Vir
1529 1777 1773 1827 Romanus
1802 1780 2054 1829 Brennum
2095 1781 2227 1830 Gau.
2296 1780 2401 1829 Alii
2429 1780 2688 1838 Vir-duma·

466 1861 604 1895 rum.-
639 1848 726 1911 [ut
750 1844 955 1894 Schott.
975 1844 1045 1894 G.
1063 1845 1134 1892 D.
1155 1842 1241 1904 Ρ.]
1263 1843 1414 1891 Leid.
1436 1847 1486 1891 1.
1506 1851 1564 1891 et
1588 1844 1785 1892 Boend.
1847 1844 2180 1894 Briomatum.’
2203 1844 2390 1894 Arntz.
2458 1846 2686 1896 Quidam

471 1913 672 1959 calamo
694 1911 895 1959 exarati
929 1908 1429 1958 mandanarum—2
1454 1908 1619 1970 Spolia
1635 1910 1840 1957 locorum
1860 1911 2091 1970 ungulis
2111 1909 2320 1971 adiutus,
2343 1911 2546 1958 omissis
2571 1913 2688 1960 reli·

470 1976 604 2038 quis,
629 1975 727 2023 Ed.
751 1989 830 2036 pr.
880 1974 1049 2036 Spolia
1069 1973 1189 2033 legit
1210 1976 1334 2034 apud
1358 1973 1555 2021 Noluit.
1621 1973 1946 2023 Hannibalem
1968 1973 2155 2037 prim
2178 1974 2300 2022 Ald.
2330 1983 2387 2023 et
2411 1975 2534 2023 edd.
2560 1985 2685 2025 ante

469 2041 674 2090 Schott.
697 2041 784 2102 qui
808 2042 969 2087 verba
991 2040 1137 2086 uncis
1158 2040 1357 2086 inclusa
1377 2039 1573 2100 primus
1599 2053 1628 2085 e
1649 2039 1803 2088 codd.
1821 2040 2075 2102 reposuit.
2113 2038 2300 2089 Arutz.
2334 2041 2599 2102 separavit
2623 2057 2688 2092 ea

471 2107 617 2155 uncis
642 2104 779 2168 quod
814 2102 1104 2152 abfuissent
1126 2117 1155 2150 a
1179 2104 1282 2150 suis
1304 2102 1431 2152 libb.
1456 2111 1513 2151 et
1536 2102 1710 2154 editis.
1778 2111 1793 2133 ‘
1809 2104 1866 2155 J.
1893 2104 2173 2166 Grejonius
2197 2104 2263 2152 ab
2283 2106 2498 2169 antiqua
2520 2107 2688 2169 scrip·

470 2178 589 2220 tura
627 2184 779 2219 manu
817 2170 1006 2217 ductus
1034 2167 1108 2216 sic
1139 2168 1408 2217 tentabatt
1447 2167 1613 2229 Spolia
1635 2168 1791 2231 opima
1821 2170 1961 2230 Jovi,
1992 2172 2076 2229 «isc.
2163 2169 2360 2218 Primus
2392 2171 2570 2231 docuit,
2602 2174 2687 2233 &a

463 2235 751 2298 proeberent.
815 2232 979 2296 Spolia
1002 2233 1148 2281 etium
1170 2233 1292 2293 legit
1322 2233 1448 2295 apud
1483 2233 1683 2293 Nolam,
1712 2233 1793 2281 ubi
1818 2233 2140 2282 Hannibalem
2166 2235 2354 2296 primus
2374 2235 2582 2284 locorum
2601 2251 2689 2284 an-

464 2301 646 2361 gustia.
685 2298 946 2362 ΕςοζΜεε.
966 2298 1209 2361 religiose
1229 2295 1453 2362 sequor.’
1470 2296 1756 2346 Schera—3
1774 2299 1790 2326 ‘
1811 2298 1917 2347 Sed
1934 2300 2012 2348 Ne
2032 2301 2253 2362 quomodo
2270 2299 2450 2347 milites
2469 2302 2690 2351 cederent

467 2380 572 2413 non
597 2379 749 2414 nemo
779 2361 1056 2425 legendum
1082 2364 1289 2424 putabit
1323 2376 1390 2410 ex
1411 2360 1696 2410 Plutarcho
1720 2364 1773 2412 in
1808 2364 1913 2411 vita
1950 2372 2003 2411 et
2035 2366 2421 2424 comparatione
2446 2365 2689 2415 Marcelli

471 2445 590 2481 cum
608 2429 899 2493 Pelopida!
921 2428 1109 2479 Sabou.
1144 2431 1161 2456 ‘
1181 2426 1457 2478 Annotant
1482 2427 1577 2476 viri
1603 2427 1888 2477 doctissimi
1910 2426 2048 2478 forte
2072 2429 2369 2492 legendum,
2392 2429 2686 2496 incederent,

469 2498 572 2552 vel,
592 2496 769 2545 milites
790 2495 891 2555 <ius
907 2497 1139 2545 caderent
1158 2508 1177 2542 .·
1207 2507 1307 2542 non
1330 2501 1412 2541 est
1436 2491 1714 2555 profecto!
1734 2494 1886 2543 Grut.
1936 2495 2074 2543 Vide
2095 2494 2247 2543 Nott.
2270 2494 2495 2544 Van—4
2520 2496 2688 2546 Vindi-

467 2562 599 2611 cavit
637 2575 733 2623 pro
771 2561 902 2609 vinci
934 2559 1095 2608 docuit
1135 2559 1372 2607 Granum.
1399 2555 1520 2606 cod.
1553 2564 1610 2606 et
1648 2560 1733 2606 ed.
1778 2559 2019 2608 vene—6
2046 2559 2330 2620 Triumphus
2368 2565 2626 2622 negaretur
2654 2579 2688 2612 a

468 2629 636 2675 senatu
658 2626 757 2674 Ed.
780 2639 860 2687 pr.
918 2624 1037 2673 Nec
1059 2621 1117 2671 τὸ
1137 2623 1183 2671 ei
1204 2630 1496 2685 agnoscunt
1517 2632 1624 2672 tres
1648 2623 1807 2674 codd.
1829 2639 1913 2689 ap.
1942 2623 2129 2674 Arntz.
2159 2625 2295 2673 Tum
2318 2638 2380 2672 ex
2399 2641 2490 2675 sua
2512 2624 2688 2676 Haun-

468 2694 564 2740 —7
586 2688 653 2739 Τὸ
675 2690 892 2740 occubuit
912 2688 964 2738 in
997 2689 1097 2739 Ed.
1118 2703 1202 2753 ps.
1217 2686 1564 2739 desideratur.

1470 2844 1691 2896 NOTAE

1618 2961 1698 3009 dit
1734 2960 2022 3011 Marcellus
2057 2961 2122 3010 A.
2145 2960 2215 3009 U.
2240 2959 2301 3010 C.
2338 2962 2453 3008 538.
2487 2970 2686 3020 expug-

1616 3037 1764 3087 navit
1789 3052 1837 3086 a.
1859 3041 1977 3086 541.

534 2958 559 2992 ¹²
593 2959 774 3009 Praezio
784 2959 948 3023 fudit]
982 2959 1050 3009 A.
1069 2960 1139 3009 U.
1159 2960 1221 3009 C.
1240 2963 1357 3008 581.

536 3043 559 3069 θ
579 3036 694 3084 Jovi
713 3036 960 3099 Feretrio]
995 3036 1188 3099 Vir-gil.
1208 3044 1386 3084 tamen
1409 3035 1541 3087 Qui·

472 3112 585 3161 rino
626 3127 883 3176 suspensa
936 3113 1099 3167 canit,
1140 3112 1258 3161 AEn.
1299 3126 1378 3161 vr.
1420 3116 1539 3161 859.

468 3197 483 3219 ⁶
497 3190 776 3252 Tertiaque
796 3205 938 3238 arms
959 3190 1097 3252 patri
1113 3190 1398 3252 suspendet
1413 3203 1538 3253 cap-

467 3275 525 3316 ta
560 3265 816 3318 Quirino-³
883 3268 953 3315 Et
985 3267 1051 3316 de
1092 3265 1341 3315 ‘Marte'
1374 3267 1537 3316 inter·

470 3350 711 3405 pretatur
768 3343 1001 3404 Servius,
1055 3356 1120 3391 ex
1176 3343 1290 3405 lege
1344 3345 1535 3394 Numae

467 3421 735 3484 Pompilii,
769 3436 885 3484 quae
928 3428 1102 3472 tamen
1136 3423 1273 3473 Jauo
1312 3423 1536 3475 Quirino

467 3508 653 3562 aperte
690 3499 848 3549 docet
886 3501 1045 3549 tertia
1081 3501 1247 3563 spolia
1285 3501 1538 3565 suspendi

465 3576 682 3631 debere,
705 3582 764 3623 ut
788 3575 1014 3624 secunda
1037 3577 1214 3637 Marti.
1283 3576 1388 3628 Adi
1407 3579 1535 3627 Fes-

470 3660 580 3702 tum
605 3652 659 3700 in
684 3659 699 3681 ⁶
720 3650 951 3714 Opims.’

533 3728 575 3770 d.
594 3727 852 3790 Cedereut]
887 3728 952 3777 Id
978 3737 1077 3787 est,
1102 3731 1518 3795 retrocederent.

535 3811 559 3838 θ
587 3802 734 3867 Apud
774 3803 973 3867 Nolam]
1026 3805 1197 3869 Supra
1241 3807 1295 3855 in
1332 3806 1537 3856 Hanni-

455 3880 607 3935 sbale.
675 3880 819 3930 Nola
842 3881 892 3931 in
919 3881 1210 3932 Picentinis
1246 3898 1345 3932 non
1381 3884 1537 3946 longe

469 3971 501 4006 a
524 3957 763 4018 Neapoli.
1249 3958 1252 3961 ’

536 4030 557 4066 ¹
582 4033 687 4083 Per
719 4040 818 4084 tres
850 4033 1021 4098 annos]
1067 4034 1350 4099 Syracusas
1384 4033 1535 4083 obse·

575 4156 592 4195 Ι

1682 3121 1709 3157 ⁸
1744 3112 2030 3176 Triumphus
2059 3113 2130 3177 ei]
2164 3112 2268 3162 Sed
2306 3104 2473 3159 minor
2510 3109 2558 3157 ei
2595 3094 2686 3157 t‘ri·

1616 3190 1837 3251 umphus
1881 3204 2157 3253 concessus
2211 3196 2310 3251 est,
2356 3201 2473 3235 nam
2523 3197 2686 3234 ovans

1618 3266 1814 3315 Urbem
1840 3266 2074 3315 intravit.
2123 3263 2260 3314 Vide
2279 3264 2393 3312 Liv.
2415 3262 2506 3310 lib.
2522 3273 2688 3310 xxvr.

1618 3354 1732 3404 cap.
1757 3345 1842 3391 21.

1683 3415 1707 3450 ¹¹
1739 3418 1819 3467 De
1843 3433 1930 3466 suu
1949 3418 2186 3467 sententia
2206 3416 2260 3466 iu
2281 3412 2489 3476 Alburno]
2530 3413 2686 3462 Prius

1618 3493 1684 3543 de
1723 3509 1818 3543 sua
1851 3496 2133 3551 sententia,
2169 3494 2280 3541 sine
2318 3498 2529 3540 senatus
2565 3504 2688 3539 con-

1618 3570 1755 3619 sulto
1779 3570 1830 3618 iu
1852 3569 2061 3619 Albano
2083 3577 2281 3630 monte,
2304 3582 2421 3616 curn
2453 3567 2500 3614 ei
2525 3566 2688 3614 honos

1618 3645 1802 3695 Romae
1827 3653 2129 3708 negaretur,
2151 3642 2488 3706 triumphavit
2510 3643 2570 3692 C.
2586 3642 2690 3690 Pa·

1619 3723 1783 3785 pitius
1821 3723 1989 3777 Maso,
2014 3735 2167 3786 quem
2200 3719 2348 3768 multi
2379 3719 2465 3766 alii
2503 3723 2688 3780 postea

1618 3798 1785 3846 secuti
1807 3805 1947 3846 sunt.

1681 3874 1697 3907 ¹
1734 3873 1996 3938 Quinquies
2017 3872 2204 3933 comul]
2235 3870 2365 3920 Cum
2384 3870 2451 3919 Τ.
2471 3869 2688 3922 Quintio

1630 3952 1894 4013 Crispino,
1917 3950 1984 4000 A.
2006 3950 2073 3998 U.
2096 3951 2156 3999 C.
2178 3951 2293 3996 545.

1682 4028 1708 4062 ¹¹
1745 4027 2085 4092 Praedonibus]
2123 4023 2381 4077 Numidis.
2416 4021 2687 4074 Plutarch.
