3023 4942
760 936 1448 1075 flARLESH
1550 935 2312 1035 PRAEFATIO.

436 1527 590 1639 «ΒΕ
643 1550 934 1618 consilio
984 1556 1053 1614 et
1101 1548 1357 1614 ratione
1407 1566 1609 1614 novae
1640 1548 1842 1633 hujus
1875 1546 2190 1613 editionis
2236 1547 2480 1630 paucis
2529 1566 2639 1613 me
2764 1587 2768 1590 >

437 1653 824 1736 expediam.
913 1651 1172 1716 Pueros
1224 1657 1425 1733 atque
1474 1652 1964 1722 adolescentes,
2014 1657 2374 1734 postquam
2416 1651 2639 1716 tiroci-

434 1744 624 1820 nium
676 1762 1071 1839 posuerunt,
1118 1755 1188 1817 in
1233 1754 1540 1839 notitiam
1584 1753 1880 1819 historiae
1933 1752 2289 1828 Romanae,
2335 1767 2412 1818 ut
2461 1754 2638 1819 alios

440 1862 746 1921 auctores
775 1863 1041 1922 veteres
1070 1856 1410 1921 lubentius
1437 1856 1663 1938 legant
1689 1857 2058 1939 meliusque
2086 1856 2478 1938 intelligant,
2500 1876 2645 1920 ma-

432 1962 584 2021 ture
632 1959 1068 2023 adducendos
1112 1978 1284 2035 esse,
1335 1960 1616 2041 negabit
1671 1978 1895 2023 nemo.
1984 1957 2369 2022 Lectionem
2414 1964 2640 2023 autem

431 2059 841 2138 libellorum,
900 2061 1021 2144 qui
1081 2062 1208 2124 sub
1257 2061 1526 2126 nomine
1580 2061 1845 2127 Aurelii
1890 2060 2195 2127 Victoris
2236 2061 2350 2125 edi
2398 2062 2637 2140 solent,

430 2182 573 2227 non
628 2170 906 2248 propter
962 2163 1375 2246 elegantiam.
1418 2163 1746 2229 sermonis
1794 2169 2375 2245 venustatemque,
2429 2182 2641 2246 quam

430 2265 629 2348 pueri
673 2286 760 2329 ne
810 2274 1105 2349 possunt
1157 2264 1427 2348 quidem
1475 2265 1718 2329 sentire
1769 2270 1979 2346 atque
2038 2264 2471 2346 perspicere3
2516 2264 2641 2328 sed

428 2374 714 2448 propter
743 2366 1156 2444 facilitatem,
1186 2376 1327 2429 tum
1356 2372 1633 2449 propter
1660 2385 1792 2443 reS,
1822 2384 1994 2448 quas
2022 2373 2308 2441 narrant,
2342 2373 2410 2430 et
2433 2385 2638 2451 prop-

428 2474 534 2532 ter
559 2467 978 2546 brevitatem,
1010 2469 1197 2553 quod
1227 2469 1296 2531 in
1323 2468 1561 2534 tabula
1591 2467 1886 2551 quadam
1914 2468 2423 2534 vicissitudines
2463 2468 2639 2535 fata-

430 2590 569 2653 que
596 2571 834 2654 populi
864 2570 1161 2636 Romani
1191 2572 1277 2638 ab
1309 2574 1458 2656 ejus
1488 2572 1740 2655 origine
1770 2579 2254 2656 proponuntur,
2283 2572 2387 2636 illi
2417 2585 2635 2656 scopo

428 2692 641 2755 quam
684 2673 981 2737 maxime
1028 2673 1614 2738 accommodatam
1666 2693 1842 2753 esse,
1890 2693 2143 2758 eosque
2185 2673 2410 2758 priuS,
2433 2691 2641 2758 quam

423 2773 729 2839 Cornelii
764 2775 1059 2858 Nepotis
1090 2776 1290 2853 vitas,
1334 2775 1500 2841 licet
1545 2776 1762 2866 multo
1805 2775 2183 2860 elegantius
2220 2775 2638 2858 suaviusque

431 2877 744 2960 scriptaS‚
772 2877 843 2941 in
875 2878 1130 2942 scholis
1167 2879 1558 2943 tractandos
1586 2898 1854 2943 censeo.
1943 2875 2041 2943 At
2083 2880 2285 2958 enim,
2317 2879 2637 2963 quoniam

428 2981 743 3063 quaedam
791 2983 1018 3045 minus
1065 2981 1261 3065 plene
1310 2987 1426 3046 aut
1478 2985 1794 3047 accurate
1851 2988 2168 3065 recteque
2217 2987 2636 3059 enarrantur,

426 3101 608 3165 opus
638 3088 745 3147 est
774 3083 1083 3163 doctore,
1112 3086 1233 3168 qui
1280 3104 1360 3150 ea
1406 3104 1563 3169 quae
1612 3085 1858 3150 desunt
1900 3085 2253 3149 commode
2296 3084 2635 3166 supplere,

429 3190 519 3264 et,
550 3204 706 3267 quae
730 3205 1086 3269 »perperam
1116 3187 1515 3270 produntur,
1546 3193 1741 3252 caute
1769 3179 2119 3251 emendare
2145 3188 2387 3269 possit.
2441 3185 2634 3269 Ipsis

428 3292 656 3351 autem
686 3288 1049 3369 magistriS,
1074 3288 1236 3371 quia
1261 3288 1373 3352 vel
1411 3287 1835 3353 multitudine
1872 3288 2171 3353 laborum
2226 3288 2471 3366 obruti,
2516 3288 2634 3353 vel

413 3388 586 3453 aliis
632 3390 864 3453 causis
905 3389 1236 3471 impediti,
1265 3390 1372 3454 vel
1403 3389 1691 3454 nondum
1724 3391 1891 3453 bene
1923 3388 2159 3453 imbuti
2188 3389 2487 3473 legitima
2515 3409 2632 3454 an—

424 3488 793 3571 tiquitatiS,
822 3490 1123 3556 historiae
1154 3492 1427 3570 veteris,
1457 3491 1847 3575 linguaeque
1878 3490 2136 3555 Latinae
2157 3491 2461 3567 scientia,
2490 3492 2633 3556 sine

425 3590 782 3676 dispendio
835 3593 1152 3677 temporis
1197 3615 1326 3660 non
1374 3594 1599 3660 statim
1650 3593 2105 3671 recordantur,
2158 3601 2278 3658 aut
2327 3596 2633 3676 ignorant

416 3712 579 3776 quae
611 3702 734 3759 aut
765 3696 1108 3779 quomodo
1141 3696 1525 3778 corrigenda
1555 3697 1711 3773 sint,
1764 3705 1880 3760 aut
1908 3695 2086 3759 unde
2112 3695 2395 3760 meliora
2419 3696 2632 3779 pleni-

425 3814 678 3879 oraque
707 3797 910 3862 facile
940 3806 1166 3881 petere
1195 3800 1478 3882 possint,
1509 3798 1692 3862 haud
1724 3789 2052 3879 ingratum
2082 3797 2230 3876 erit,
2278 3799 2340 3861 si
2385 3797 2634 3877 fontes,

413 3915 513 3961 ex
544 3899 788 3981 quibus
818 3901 1212 3984 intempore
1236 3901 1832 3983 haurirepossunt,
1863 3898 1969 3965 vel
1998 3906 2270 3981 apertos
2300 3900 2411 3963 vel
2456 3901 2627 3966 indi·-

417 4005 615 4065 catos
661 4002 1016 4084 reperiunt.
1107 4001 1483 4067 Peritiores
1539 4009 1759 4066 tamen
1804 4001 2115 4065 doctores
2167 4007 2290 4066 aut
2337 4001 2628 4087 juvenes

423 4101 672 4167 alacris
713 4103 969 4185 ingenii
1011 4123 1360 4189 rerumque
1407 4105 1826 4187 antiquarum
1880 4103 2133 4187 cupidi,
2181 4103 2429 4187 quibus
2480 4104 2628 4169 sive

410 4204 626 4269 lectio
659 4206 805 4272 sive
834 4207 1144 4290 repetitio
1173 4207 1408 4271 horum
1437 4205 1822 4276 libellorum
1846 4204 2061 4284 utilis,
2103 4206 2368 4289 longior
2396 4212 2625 4273 autem
