3023 4942
759 385 857 433 nn
906 382 1115 432 vinis
1162 382 1673 436 innueramus
1724 382 1891 431 cAe.
1939 382 2042 430 tv.
2451 365 2545 440 ,91

323 547 512 612 quae,
545 528 705 592 viso
745 525 1267 610 paludamento‘
1310 525 1552 609 sponsi
1578 526 1711 605 sui,
1745 527 1862 609 qui
1905 545 2076 591 unus
2105 545 2199 591 ex
2230 523 2545 592 Curiatiis

323 638 499 709 erat,
558 630 719 696 flere
777 631 1011 714 coepit.
1097 629 1329 694 Frater
1376 648 1529 698 eam
1554 629 1854 696 occidit.
1939 631 2003 695 9.
2052 628 2210 708 Qua
2254 650 2326 694 re
2365 628 2545 714 apud

320 732 729 800 duumviros
753 728 775 767 ¹⁹
836 731 1322 799 condemnatus
1364 732 1453 796 ad
1500 734 1825 817 populum
1876 733 2279 816 ‘provocavit
2302 740 2365 795 :⁸
2428 731 2546 798 ubi

317 836 571 916 patriis
613 835 930 917 lacrymis
974 834 1417 914 condonatuS,
1464 837 1552 900 ab
1587 855 1674 901 eo
1703 831 2075 918 expiandih
2114 832 2372 918 gratia,i
2415 835 2546 899 sub

318 937 622 1018 tigillum
645 934 672 971 ¹¹
716 939 992 1013 missus,
1020 938 1205 1023 quod
1234 958 1408 1003 nunc
1434 958 1712 1024 quoque
1745 939 1878 1006 viae
1900 934 2378 1023 suppositum,¹
2415 938 2542 1006 So—

318 1040 580 1104 rorium
611 1040 1017 1124 appellatur.

317 1302 768 1360 Ancuunnwn.
840 1309 1095 1364 Veientes
1130 1318 1185 1360 et
1222 1309 1507 1362 Fidenates
1542 1310 1820 1364 adversum
1859 1310 2122 1364 Romanos
2159 1306 2376 1367 incitam
2417 1304 2542 1360 belli

382 1384 657 1439 fortunam
700 1399 976 1441 secuturus
1015 1391 1179 1441 aciem
1227 1392 1279 1439 in
1320 1392 1506 1441 collem
1541 1392 1820 1453 subducit3
1850 1390 2117 1455 quadrigis
2150 1389 2440 1451 religatur-3
2463 1393 2521 1436 et

383 1468 443 1518 in
468 1470 683 1521 diversa
704 1472 1014 1523 distrahitur
1040 1474 1238 1523 Metius
1256 1471 1513 1523 Fufetius.

360 1583 474 1649 10.
526 1584 839 1651 Murrus
866 1587 1284 1667 FUFE'HUS,
1314 1588 1458 1652 dux
1490 1587 1928 1665 Albanorum,
1963 1607 2115 1654 cum
2151 1606 2224 1649 se
2253 1584 2540 1649 invidio·

320 1704 477 1750 sum
522 1688 706 1773 apud
755 1690 943 1755 cives
994 1689 1271 1768 videret,
1305 1690 1493 1775 quod
1541 1691 1796 1757 bellum
1846 1691 2001 1756 solo
2041 1690 2540 1772 trigeminorum

318 1792 690 1855 certamine
713 1792 993 1870 finisset,
1023 1799 1096 1857 ut
1128 1813 1267 1862 rem
1297 1794 1675 1878 corrigeret,
1707 1792 2034 1858 Veientes
2065 1798 2130 1857 et
2163 1791 2538 1866 Fidenates

320 1891 691 1957 adversum
723 1894 1071 1961 Romanos
1102 1896 1438 1961 incitavit.
1527 1895 1635 1962 11.
1681 1896 1851 1980 Ipse
1881 1897 1969 1960 ab
1996 1896 2198 1962 Tullo
2226 1896 2298 1959 in
2342 1891 2542 1957 auxi·-

316 1992 534 2058 lium⁸
577 2000 966 2078 arcessitus,
1011 2002 1231 2065 aciem
1276 2000 1346 2064 in
1389 2000 1637 2065 collem
1682 1999 2033 2077 subduxit.
2076 2005 2150 2064 ut
2198 1998 2539 2062 fortunam

1259 2164 1284 2185 e
1290 2163 1618 2192 cottonem

316 2259 414 2308 viri
454 2259 531 2308 sui
574 2274 669 2323 pro
709 2260 869 2323 sponsi
902 2261 982 2311 sui
1020 2268 1144 2313 test.
1182 2261 1367 2315 Arntz.
1436 2264 1565 2313 Mox
1585 2263 1755 2323 suerat
1777 2265 1999 2326 preerat
2023 2259 2122 2311 Ed.
2143 2264 2323 2323 ἱππ-9
2358 2259 2540 2311 Arntz.

318 2331 548 2374 testatur
590 2332 813 2388 quatuor
857 2327 1048 2386 babere
1088 2328 1239 2378 codd.
1278 2344 1367 2392 quo
1408 2344 1504 2393 pro
1540 2344 1634 2391 qua
1673 2343 1744 2376 re.
1829 2329 1911 2377 Aa
1953 2341 2059 2389 pop.
2104 2324 2378 2387 provocavit
2415 2323 2539 2373 Ald.

315 2389 518 2451 Delpb.
551 2392 567 2419 ‘
593 2393 714 2439 Sine
739 2392 1109 2455 praepositione
1131 2394 1326 2443 habent
1350 2396 1473 2444 libri
1499 2395 1629 2442 Mas.
1653 2394 1742 2442 sed
1767 2392 1903 2441 haud
1926 2392 2036 2441 seio
2067 2405 2131 2438 an
2162 2390 2287 2438 ferri
2311 2388 2539 2438 debeat.’

316 2454 510 2505 Scholt.
577 2455 771 2506 patriis
790 2458 944 2508 dedit·
960 2458 1209 2509 schottus
1233 2476 1265 2509 e
1286 2459 1403 2510 cod.
1426 2460 1645 2510 Mediol.
1677 2458 1835 2522 patris
1856 2456 2040 2520 reliqui
2064 2455 2219 2506 codd.
2243 2454 2364 2507 edd.
2383 2470 2462 2516 pr.
2483 2461 2536 2505 et

314 2520 656 2584 Arntzenius,
694 2524 784 2584 qui
821 2525 955 2576 bene
992 2525 1288 2579 illustravit.
1356 2526 1624 2577 Praeterea
1649 2539 1745 2587 pro
1767 2523 2061 2586 suppositum
2083 2522 2264 2572 malint
2291 2521 2536 2584 Sylbnrg.

313 2583 473 2636 Anna
512 2586 670 2637 Fabri
707 2596 765 2638 et
801 2588 989 2643 Arntz.
1042 2592 1403 2656 superpositum,
1438 2591 1718 2640 Pulmanni
1767 2589 2136 2654 suprapositum,
2181 2587 2346 2651 Lugd.
2400 2590 2539 2648 alter

1322 2720 1542 2772 NOTAE

380 2823 405 2850 e
439 2816 807 2880 Puludumento]
869 2825 885 2848 ⁸
920 2818 1389 2870 Paludamentum’
1467 2827 1526 2870 ta
1548 2827 1689 2886 snut,
1724 2820 2023 2876 transmisso
2059 2833 2155 2883 pet·
2186 2818 2320 2871 viam
2346 2816 2535 2879 tigillo,
2592 2852 2593 2855 η

314 2894 477 2943 vestis
511 2894 851 2958 imperatoria
884 2898 1058 2947 colore
1080 2912 1285 2954 croceo,
1306 2899 1381 2946 in·
1466 2898 1643 2959 capite
1667 2898 1941 2960 adoperto,
1966 2894 2226 2946 velut‘aub
2238 2886 2423 2958 jugum
2440 2891 2533 2940 mi·

317 2969 524 3019 terdum
543 2972 698 3020 etiam
716 2973 850 3030 albo,
866 2975 1012 3038 cujus
1028 2975 1129 3024 duo
1146 2983 1386 3024 extrema
1463 2975 1534 3023 sit
1554 2975 1824 3038 juvenem.
1890 2974 1955 3023 Id
1986 2973 2140 3022 bodie
2163 2984 2367 3035 quoque
2403 2968 2532 3030 pub-

315 3046 659 3110 longitudinis
699 3051 957 3113 utrimque
982 3060 1200 3114 angusta
1233 3057 1383 3101 erant
1459 3053 1564 3101 lice
1589 3067 1794 3114 semper
1816 3050 2071 3100 refectum
2096 3057 2288 3098 manet.
2331 3046 2534 3096 Sorori-

313 3123 431 3172 imia
452 3126 745 3177 latioribus.
766 3128 1063 3192 Aliquando
1081 3130 1238 3178 etiam
1258 3131 1274 3158 ⁴
1293 3145 1382 3194 pa·
1465 3144 1548 3178 um
1573 3129 1792 3191 tigillum
1818 3126 2045 3177 vocant.'

313 3204 705 3255 ludamentum’
740 3207 931 3257 milites
972 3210 1242 3272 gerebant.
1270 3209 1381 3259 Sal·
1528 3203 1554 3239 ¹¹
1587 3205 1691 3255 Sub
1731 3205 1967 3268 tigillum]
2018 3204 2140 3252 Duo
2178 3199 2346 3264 tigill'a
2389 3203 2532 3245 recta

317 3279 441 3329 lust.
1463 3280 1667 3338 defixit,
1703 3281 2016 3344 tertiumque
2052 3284 2401 3326 transversum
2437 3273 2531 3320 im-

380 3353 402 3388 f
427 3355 571 3420 Apud
607 3357 903 3422 duumviros]
937 3360 1083 3412 Quos
1120 3373 1184 3410 ea
1220 3375 1380 3411 causa
1463 3358 1657 3421 posuit.
1695 3358 1804 3407 Sub
1825 3356 1964 3422 quod
1994 3353 2150 3417 filius,
2177 3351 2530 3418 quasisubju·

313 3434 440 3481 tunc
463 3435 689 3496 primum
712 3436 894 3484 Tullus
917 3438 1132 3487 creavit.

374 3517 403 3553 ε
448 3510 529 3559 Aa
589 3510 765 3574 [apud]
811 3516 1036 3576 populum
1063 3515 1376 3581 ,pr-evocavit]

312 3582 555 3636 Latinum
579 3602 682 3637 non
707 3597 820 3638 est:
851 3589 1128 3654 legendum
1149 3592 1213 3640 ud
1229 3607 1379 3656 popu·

310 3664 407 3712 lum
435 3663 728 3726 provocavit.

374 3738 399 3773 ¹¹
436 3741 707 3806 Expiundi]
744 3742 886 3792 Nota
907 3744 1108 3805 passive
1123 3744 1379 3811 positnm3

308 3823 369 3864 ut
394 3817 532 3878 apud
557 3818 744 3880 Vir-gil.
775 3819 790 3845 ‘
813 3819 1043 3868 Penuria
1065 3811 1293 3870 edendi.’

376 3892 392 3926 ¹
419 3894 501 3943 Ab
521 3909 573 3942 eo
602 3894 831 3958 expiandi
852 3896 1041 3959 gratia]
1095 3897 1211 3947 Liv.
1236 3911 1275 3945 1.
1297 3902 1381 3949 26.

307 3970 418 4018 ‘Ut
459 3971 633 4021 caedes
672 3970 952 4022 manifesta
992 3974 1165 4038 aliquo
1204 3981 1379 4025 tamen

313 4047 518 4107 piaculo
568 4045 818 4104 lueretur,
861 4049 1173 4111 imperatum
1219 4054 1379 4115 patri,

310 4122 473 4179 filium
507 4125 748 4185 expiaret
776 4127 995 4188 pecunia
1032 4128 1256 4190 publica.
1323 4131 1378 4187 Is

310 4199 611 4262 quibusdam
627 4201 975 4263 piacularibus
985 4203 1250 4254 sacrificiis
1265 4204 1373 4255 fac-

312 4278 399 4340 tis,
421 4291 536 4342 quae
563 4274 755 4326 deinde
777 4279 925 4341 genti
952 4278 1191 4332 Horatioe
1217 4282 1376 4333 tradi-

1459 3442 1580 3499 gum
1616 3435 1829 3494 missum
1862 3431 2277 3494 consecratioque
2315 3429 2388 3479 ibi
2425 3427 2530 3476 aria

1456 3511 1654 3565 Junoni
1679 3511 1900 3562 Sororiae
1933 3518 1987 3558 et
2016 3508 2155 3559 Jano
2187 3505 2446 3561 Curiatio,
2469 3505 2530 3551 li-

1460 3590 1672 3639 beratus
1709 3588 1847 3637 omni
1880 3587 2034 3637 noxia
2067 3584 2281 3634 sceleris
2316 3571 2416 3641 eat,
2439 3596 2527 3629 au-

1459 3667 1623 3730 guriis
1647 3663 2076 3730 approbantibuS.
2144 3661 2224 3710 Ex
2261 3674 2361 3724 quo
2393 3673 2532 3706 soro-

1460 3745 1593 3797 rium
1610 3743 1659 3792 id
1680 3742 1900 3811 tigillum
1915 3747 1994 3790 est
2011 3738 2347 3802 appellatum.
2387 3735 2530 3783 Fest.

1458 3820 1514 3869 in
1537 3822 1750 3883 regione
1773 3833 1850 3868 lv.
1876 3818 2024 3882 ponit
2049 3817 2113 3865 P.
2138 3815 2343 3864 Victor.

1529 3896 1543 3931 ¹
1583 3897 1690 3947 Via.»
1727 3892 2042 3958 suppositum]
2076 3892 2221 3955 Lege
2263 3887 2527 3953 superposi-

1460 3980 1592 4025 tum:
1615 3975 1749 4027 ratio
1774 3979 1829 4022 at
1850 3972 2137 4021 auctoritas
2159 3969 2397 4030 probant.

1523 4060 1548 4086 ⁸
1583 4053 1691 4115 Ipse
1711 4050 1770 4103 ab
1795 4050 1931 4105 Tullo
1963 4049 2015 4099 in
2031 4046 2292 4109 auxilium]
2322 4045 2402 4095 Ex
2425 4040 2524 4091 foe·

1459 4127 1585 4176 dere
1611 4124 1746 4190 quod
1772 4140 1886 4175 cum
1909 4121 2126 4173 Albanis
2145 4121 2305 4170 ictum
2329 4117 2525 4181 fuerat,

1456 4219 1576 4254 cum
1603 4201 1864 4265 trigemini
1889 4212 2207 4264 pugnavere.
2243 4196 2382 4244 Hinc
2411 4194 2524 4242 Flo-

1456 4297 1544 4332 rus
1576 4294 1615 4330 ι.
1653 4283 1705 4328 3.
1737 4278 1886 4329 ‘Nec
1924 4277 2011 4326 diu
2047 4277 2103 4325 in
2133 4274 2238 4327 fide
2266 4271 2524 4327 Albanus,
