3023 4942
732 434 960 481 omen
1006 434 1285 484 esuris
1335 434 1697 484 aemma.
1788 435 1955 483 cAr.
2001 436 2166 486 xvr.
2439 421 2527 485 67

1194 709 1407 775 cAP.
1464 709 1676 775 XVI.

332 877 760 927 Artemam-un.
809 876 1023 926 Lavinia
1044 883 1186 926 metu
1213 878 1427 926 Ascanii
1450 878 1500 926 in
1521 879 1718 942 sylvam
1746 875 1994 941 profugit,
2018 876 2105 925 ubi
2127 877 2263 939 parit
2280 876 2531 941 Sylvium.

397 957 614 1006 Ascanii
639 956 777 1020 apud
801 957 1015 1008 Latinos
1039 956 1253 1019 invidia,
1277 958 1419 1020 quasi
1443 959 1712 1007 Laviniam
1734 963 2003 1007 necasset:
2038 959 2185 1022 cujus
2217 960 2426 1008 taudem
2451 973 2533 1008 reo

388 1036 525 1098 (litu,
550 1038 744 1100 populo
767 1038 1152 1087 reconciliatur.
1219 1038 1383 1087 Paulo
1408 1039 1558 1087 aliter
1580 1038 1645 1087 de
1667 1039 1743 1088 his
1767 1052 1834 1087 ex
1862 1039 1975 1088 aliis
2004 1049 2287 1088 narratum.

417 1168 481 1232 1.
528 1166 871 1230 INTERIM
930 1168 1237 1245 Lavinia,
1286 1170 1372 1233 ab
1424 1170 1649 1235 AEnea
1697 1169 1973 1253 gravida
2021 1169 2270 1248 relicta,
2315 1181 2526 1249 metu,

327 1268 540 1333 veluti
577 1270 939 1333 insecuturi
980 1290 1054 1332 se
1092 1268 1400 1348 Ascanii,
1429 1271 1499 1334 in
1542 1271 1804 1355 sylvam
1844 1271 2138 1355 profugit
2169 1272 2253 1335 ad
2283 1274 2527 1354 magis-

326 1381 509 1437 trum
564 1374 757 1456 patrii
808 1375 1096 1456 pecoris,
1144 1373 1523 1461 Tyrrhum,‘⁵
1566 1374 1793 1457 ibique
1837 1376 2036 1438 enixa
2084 1381 2188 1438 est
2228 1393 2530 1456 puerum,

327 1477 449 1559 qui
483 1496 526 1540 a
550 1477 686 1539 loci
715 1476 1043 1560 qualitate
1072 1474 1384 1559 Sylvius*
1410 1485 1519 1539 est
1546 1476 1788 1542 dictus.
1867 1476 1933 1540 2.
1976 1474 2074 1540 At
2101 1496 2260 1541 vero
2289 1462 2557 1558 vulgus‘

328 1575 718 1641 Latinorum
761 1574 1155 1641 existimans
1201 1580 1371 1642 clam
1418 1579 1503 1642 ab
1533 1576 1833 1643 Ascanio
1868 1578 2315 1655 interfectam,
2344 1598 2527 1660 mag-

325 1697 481 1742 nam
528 1678 594 1742 ei
636 1679 957 1744 invidiam
1000 1679 1425 1759 conflaverat,
1471 1700 1689 1763 usque
1733 1700 1839 1757 eo,
1883 1686 1958 1744 ut
2000 1681 2204 1745 armis
2249 1700 2528 1765 quoque

327 1782 395 1844 ei
423 1782 561 1846 vim
593 1781 1026 1847 denuntiaret.
1112 1783 1180 1847 3.
1224 1782 1397 1846 Tum
1429 1781 1772 1847 Ascanius
1801 1782 2243 1868 jurejurando
2273 1803 2346 1847 se
2377 1804 2528 1866 pur-

328 1903 522 1966 gans,
552 1904 703 1948 cum
744 1885 910 1948 nihil
952 1885 1132 1968 apud
1162 1904 1277 1949 eos
1308 1885 1678 1967 proficeret,
1708 1888 1922 1968 petita
1951 1885 2274 1951 dilatione
2315 1886 2399 1949 ad
2429 1886 2528 1948 in—

329 1988 746 2071 quirendum,
767 1989 930 2052 iram
957 1995 1358 2072 praesentem
1387 1988 1568 2070 vulgi
1593 1989 2075 2071 aliquantulum
2098 1988 2311 2070 fregit,
2333 1988 2531 2071 polli-

329 2090 642 2172 citusque
671 2097 795 2167 oet,
827 2109 904 2152 se
937 2088 1321 2171 ingentibus
1350 2091 1653 2173 praemiis
1693 2091 2180 2154 cumulaturum
2211 2110 2386 2165 eum,
2416 2091 2532 2172 qui

329 2191 460 2255 sibi
494 2191 844 2256 Lavinium
873 2193 1378 2272 investigasset:
1424 2211 1586 2254 mox
1617 2199 2077 2274 recuperatam
2108 2211 2262 2255 cum
2292 2191 2433 2255 filio
2463 2196 2533 2254 in

326 2294 553 2356 urbem
599 2293 955 2358 Lavinium
996 2293 1295 2371 reduxit,
1343 2293 1715 2376 dilexitque
1757 2292 2003 2356 honore
2049 2300 2375 2356 materno.
2463 2295 2529 2355 4.

328 2393 508 2473 Quae
549 2416 658 2460 res
697 2416 957 2460 rursum
999 2398 1059 2459 ei
1089 2416 1392 2480 magnum
1427 2396 1726 2459 favorem
1759 2395 1996 2479 populi
2026 2395 2425 2470 conciliavit,
2459 2402 2533 2458 ut

324 2499 629 2561 scribunt
658 2497 865 2563 Caius
896 2498 1153 2577 Caesar,
1183 2506 1248 2562 et
1279 2499 1537 2563 Sextus
1566 2497 1866 2563 Gellius¹²
1892 2497 1962 2561 in
1990 2497 2263 2579 Origine
2291 2496 2531 2561 Gentis

325 2597 683 2666 Romanae.
759 2606 822 2665 5.
868 2598 968 2665 At
995 2621 1155 2665 vero
1187 2600 1308 2664 alii
1337 2600 1628 2672 tradunt,
1658 2600 1868 2683 quod,
1891 2620 2043 2664 cum
2073 2597 2413 2663 Ascanius
2444 2600 2531 2662 ab

324 2703 644 2766 universo
684 2703 936 2786 populo
974 2702 1061 2766 ad
1098 2702 1580 2766 restituendam
1619 2701 1973 2765 Laviniam
2013 2707 2386 2782 cogeretur,
2417 2699 2532 2782 ju-

325 2811 637 2889 raretque
678 2825 753 2870 se
799 2824 1013 2888 neque
1044 2804 1482 2880 interemisse,
1513 2824 1736 2886 neque
1768 2805 1940 2869 scire
1975 2804 2088 2867 ubi
2131 2810 2331 2877 esset,
2361 2801 2528 2885 Tyr-

326 2907 543 2984 rhum,
565 2910 772 2991 petito
802 2907 1100 2984 silentiO,
1130 2907 1197 2971 in
1228 2906 1349 2970 illa
1379 2906 1725 2971 concionis
1757 2906 2128 2988 frequentia
2157 2904 2529 2986 professum

326 3009 676 3084 indicium,
720 3011 779 3073 si
823 3009 978 3088 sibi,
1010 3008 1470 3092 Laviuiaeque,
1509 3028 1858 3094 pueroque
1901 3027 1991 3071 ex
2033 3026 2115 3070 ea
2156 3013 2318 3071 nato
2360 3007 2529 3070 fides

324 3110 811 3178 incolumitatis
851 3111 1162 3190 daretur3
1210 3117 1485 3193 tumque
1517 3131 1670 3175 eum
1702 3117 1985 3192 accepta
2013 3108 2147 3172 fide
2179 3108 2529 3173 Lavinium

323 3211 397 3275 in
428 3214 659 3277 urbem
691 3233 843 3278 cum
869 3212 1013 3277 filio
1038 3211 1406 3277 reduxisse.

1461 3392 1610 3413 W

396 3510 530 3559 CAP.
547 3523 669 3560 xv1.
736 3514 760 3560 l
789 3509 1080 3621 renuentum
1104 3509 1375 3574 legendum
1396 3524 1514 3560 esse
1531 3511 1583 3559 in
1609 3511 1839 3574 urar-gine
1873 3510 2171 3573 conjecerat
2193 3506 2531 3560 Senonum-.-

327 3580 361 3626 4
379 3576 518 3624 Vide
541 3582 647 3625 not.
669 3575 812 3638 Deip
852 3607 865 3622 .
886 3573 982 3623 inf.

1322 3689 1539 3740 2101·AE

388 3791 411 3818 ⁸
446 3784 709 3848 Tynaeum]
729 3784 1054 3849 Tyrrhenum
1077 3793 1233 3835 vocat
1255 3786 1385 3835 Dio·
1467 3783 1812 3850 unt'Dionys.
1839 3784 2028 3835 Euseb.
2062 3782 2420 3847 Servius‚.qui'
2446 3781 2532 3830 AE-

324 3874 442 3924 nys.
462 3862 550 3923 qui
574 3860 706 3910 hanc
727 3861 994 3911 historiam
1019 3869 1215 3912 narrat.
1466 3879 1579 3913 neae
1602 3862 1763 3913 filium
1791 3863 1987 3911 dicunt.

395 3940 415 3970 ‘
444 3935 493 3985 Δ
525 3938 615 3986 toci
648 3937 880 4000 qualitate
904 3937 1122 4001 Sylvius]
1161 3938 1272 3987 Liv.
1296 3937 1388 3987 lib.
1534 3945 1558 3970 ¹¹
1591 3939 1711 3988 Sex.
1752 3937 1961 4000 Gellius]
1998 3936 2173 4000 Hujus
2210 3949 2361 3985 nemo
2399 3933 2530 3982 alius

324 4026 367 4065 1.
419 4012 660 4075 ‘Syivius
701 4014 894 4062 deiude
942 4022 1128 4078 regnat
1173 4013 1388 4064 Ascanii
1467 4015 1732 4063 meminit:
1773 4011 1954 4062 forsan
1998 4027 2103 4061 non
2144 4012 2264 4062 Sex.
2305 4010 2398 4059 sed
2437 4011 2531 4058 Cn.

323 4086 479 4146 ¹filius,
514 4103 637 4139 casu
673 4091 892 4155 quodam
916 4091 969 4139 in
992 4091 1152 4155 sylvis
1172 4090 1387 4140 natus:’
1471 4091 1661 4139 Gellius
1714 4088 1995 4152 legendum
2039 4089 2125 4150 sit,
2183 4088 2270 4152 qui
2320 4087 2530 4135 annales

325 4170 415 4218 ubi
463 4169 758 4232 ‘Sylvium’
804 4170 1018 4221 Ascanii
1067 4185 1169 4221 non
1214 4171 1387 4220 AEueae
1468 4168 1681 4230 scripsit
1721 4176 1779 4217 et
1816 4175 2132 4216 memoratur
2163 4165 2361 4226 Gellio,
2401 4164 2532 4212 Dio·

326 4244 486 4295 fliium
518 4246 662 4297 facit.
730 4248 861 4297 Cum
896 4248 1095 4298 Nostro
1129 4247 1387 4298 consenti·
1466 4245 1636 4308 nysio,
1657 4244 1906 4308 vopisco,
1928 4242 2218 4306 Macrobio‚
2242 4242 2529 4292 Prisciaue.
